1742 2872
448 115 596 163 THE
632 116 952 165 EPISTLES
990 117 1079 165 OF
1114 117 1381 166 SENECA

167 225 405 287 appellat,
424 226 488 273 ad
507 242 658 289 quem
681 231 894 290 pecunia
917 244 1100 290 magna
1118 227 1370 285 confluxit,
1389 227 1478 274 sed
1503 227 1660 285 illum,

90 349 93 352 ,
128 312 151 317 *·
168 302 246 344 cui
284 299 469 346 bonum
504 317 652 347 omne
687 305 739 347 in
774 305 939 348 animo
964 289 1307 378 estAerectum
1331 307 1385 348 et
1409 301 1660 347 excelsum

169 366 223 419 et
246 374 506 420 mutabilia
523 374 538 403 ¹
560 374 855 434 calcantem,
874 378 959 438 qui
985 378 1240 422 neminem
1255 375 1411 432 videt,
1431 391 1543 420 cum
1563 391 1662 437 quo

170 462 222 493 se
265 454 612 494 conmutatum
653 449 793 506 velit,
870 453 919 495 ui
970 449 1225 495 hominem
1268 466 1326 495 ea
1373 449 1475 494 sola
1521 455 1662 510 parte

169 524 417 579 aestimat,
437 537 535 584 qua
553 520 702 568 homo
723 528 816 580 est,
872 526 921 568 ui
946 529 1123 569 natura
1147 526 1384 585 magistra
1409 526 1582 579 utitur,
1601 521 1665 568 ad

148 593 302 662 *illius
338 594 478 657 leges
514 596 921 673 conponiturffsic
957 600 1095 654 vivit,
1121 596 1370 658 quomodo
1405 595 1490 642 illa
1524 611 1664 657 prae-

171 663 487 746 scripsit-,jeai
522 669 654 715 bona
689 686 776 716 sua
798 670 949 716 'nulla
983 673 1055 716 vis
1092 673 1300 728 excutit,
1330 673 1415 732 qui
1450 669 1579 715 mala
1613 672 1666 714 in

175 742 359 788 bonum
391 746 560 800 vertit,
593 749 759 789 certus
791 743 977 802 iudicii,
1009 747 1345 801 inconcussus,
1369 743 1665 805 intrepidus,

171 832 323 878 quem
340 816 506 878 aliqua
524 820 596 862 vis
614 823 800 875 movet,
820 817 959 863 nulla
982 818 1262 879 perturbat,
1281 833 1432 880 quem
1450 816 1666 874 fortuna,

172 906 286 936 cum
321 890 456 952 quod
492 890 669 938 habuit
715 891 876 937 telum
922 894 1334 937 nocentissimum
1369 894 1418 936 vi
1454 893 1668 936 maxima

171 967 387 1020 intorsit,
423 967 622 1027 pungit,
658 981 760 1011 non
795 964 1042 1023 vulnerat,
1079 970 1133 1011 et
1179 964 1274 1010 hoc
1320 981 1441 1011 raro.
1540 964 1666 1010 Nam

171 1043 340 1084 cetera
365 1041 470 1084 eius
506 1037 625 1096 tela,
649 1039 830 1100 quibus
864 1054 1024 1101 genus
1060 1037 1334 1085 humanum
1369 1037 1668 1095 debellatur,

171 1111 427 1174 grandinis
445 1128 582 1158 more
603 1111 887 1169 dissultant,
907 1128 1035 1175 quae
1054 1115 1248 1159 incussa
1272 1115 1421 1159 tectis
1440 1115 1546 1159 sine
1566 1111 1668 1158 ullo

172 1184 467 1232 habitatoris
491 1185 808 1232 incommodo
833 1189 1047 1248 crepitat
1070 1203 1129 1232 ac
1154 1186 1373 1232 solvitur.

89 1263 151 1311 10
257 1259 396 1317 Quid
421 1276 501 1306 me
526 1259 726 1306 detines
744 1263 797 1306 in
817 1276 893 1318 eo,
912 1276 1064 1323 quem
1082 1265 1140 1306 tu
1159 1263 1266 1322 ipse
1290 1259 1668 1322 pseudomenon

171 1332 411 1396 appellas,
446 1332 510 1380 de
546 1350 645 1397 quo
681 1339 880 1380 tantum
915 1334 1153 1380 librorum
1200 1337 1512 1396 conpositum
1556 1334 1670 1380 est?

172 1407 304 1454 Ecce
327 1413 438 1454 tota
460 1406 583 1453 mihi
608 1411 711 1454 vita
734 1411 1007 1464 mentitur3
1044 1407 1173 1454 hanc
1198 1424 1427 1470 coargue,
1453 1407 1581 1453 hanc
1605 1405 1670 1452 ad

172 1497 362 1539 verum,
408 1484 448 1528 si
495 1487 672 1527 acutus
727 1497 797 1539 es,
843 1481 1031 1544 redige.
1128 1481 1421 1528 Necessaria
1464 1480 1669 1538 iudicat,

172 1571 383 1618 quorum
407 1571 591 1617 magna
614 1571 725 1617 pars
750 1571 1054 1617 supervacua
1072 1561 1162 1602 est.
1236 1555 1403 1601 Etiam
1422 1571 1549 1618 quae
1568 1570 1670 1600 non

174 1635 252 1675 est
283 1645 603 1691 supervacua,
629 1628 755 1675 nihil
786 1632 838 1675 in
868 1645 920 1676 se
945 1632 1188 1676 momenti
1220 1628 1375 1676 habet
1398 1632 1451 1675 in
1475 1628 1586 1686 hoc,
1612 1633 1670 1674 ut

173 1706 329 1766 possit
353 1702 664 1749 fortunatum
698 1703 1003 1766 beatumque
1036 1708 1302 1765 praestare.
1393 1702 1509 1748 Non
1534 1704 1669 1749 enim

174 1779 344 1824 statim
398 1777 586 1823 bonum
633 1783 726 1834 est,
775 1780 814 1822 si
861 1776 983 1839 quid
1036 1780 1371 1824 necessarium
1418 1781 1525 1833 est3
1582 1781 1671 1822 aut
1739 1767 1742 1814 l

174 1854 440 1914 proicimus
481 1851 686 1908 bonum,
728 1854 768 1896 si
810 1849 905 1897 hoc
946 1867 1133 1897 nomen
1179 1853 1296 1913 pani
1339 1856 1392 1897 et
1434 1849 1668 1912 polentae
1737 1866 1742 1903 ι

91 1937 148 1983 11
174 1924 349 1972 damus
375 1931 428 1971 et
453 1927 649 1983 ceteris,
668 1927 775 1971 sine
794 1925 973 1987 quibus
994 1927 1096 1971 vita
1113 1941 1215 1970 non
1234 1923 1446 1971 ducitur.
1519 1921 1670 1981 Quod
1741 1948 1742 1980 ᾗ

173 2000 360 2046 bonum
382 2004 476 2056 est,
495 2001 671 2061 utique
689 2001 1022 2044 necessarium
1042 2004 1119 2045 est
1136 2013 1149 2053 ;
1184 1997 1319 2060 quod
1338 2000 1670 2044 necessarium

175 2080 269 2131 est,
304 2089 407 2118 non
442 2075 618 2135 utique
653 2072 840 2118 bonum
870 2077 964 2129 est,
989 2074 1223 2134 quoniam
1258 2071 1462 2134 quidem
1498 2087 1670 2118 neces-

175 2150 300 2193 saria
335 2152 452 2192 sunt
486 2145 732 2209 quaedam
775 2144 953 2192 eadem
994 2145 1239 2191 vilissima.
1314 2145 1478 2192 Nemo
1513 2160 1670 2207 usque

174 2237 235 2268 eo
259 2220 561 2282 dignitatem
585 2219 704 2266 boni
737 2223 950 2281 ignorat,
977 2225 1032 2265 ut
1057 2218 1183 2265 illud
1206 2218 1270 2264 ad
1303 2218 1428 2266 haec
1451 2221 1504 2264 in
1536 2218 1671 2265 diem

174 2293 318 2341 utilia
342 2294 592 2340 demittat.

483 2368 496 2393 ¹
526 2368 754 2409 mutabilia
774 2368 962 2421 Haupt3
990 2368 1212 2409 mirabilia
1232 2366 1362 2409 MSS.

242 2473 263 2491 α
291 2479 368 2518 ay.
394 2463 581 2511 Gellius,
602 2465 721 2504 xviii.
745 2467 784 2506 2.
813 2468 861 2504 10
885 2478 982 2505 <mm
1003 2463 1190 2505 mentior
1211 2468 1251 2504 et
1273 2463 1450 2504 mentiri
1471 2477 1536 2504 me
1559 2463 1668 2509 dico,

177 2519 361 2560 mentior
379 2533 439 2559 an
457 2532 605 2559 verwm
624 2517 717 2559 dico
730 2519 750 2559 ‚9

178 2573 275 2628 296

1724 2542 1727 2574 l
