1742 2872
462 126 610 174 THE
646 126 969 175 EPISTLES
1005 126 1096 175 OF
1131 120 1396 176 SENECA

122 293 146 298 g
178 239 457 298 ignoscere,
475 237 611 300 quod
630 253 758 300 quae
777 236 945 284 fecere
969 241 1243 300 patiuntur.
1316 236 1427 283 Nec
1445 239 1682 283 inmerito
1732 263 1742 305 ss

181 313 262 360 hic
294 313 406 361 illos
430 313 567 361 furor
597 321 776 372 vexat;
811 331 1019 362 necesse
1044 321 1122 362 est
1147 317 1284 361 enim
1318 316 1372 360 in
1396 316 1679 360 inmensum
1739 323 1742 330 “

181 397 329 438 exeat
375 392 638 454 cupiditas,
686 409 814 456 quae
867 392 1148 439 naturalem
1194 391 1400 438 modum
1446 391 1678 438 transilit.

182 467 276 515 Ille
320 472 455 516 enim
490 469 647 516 habet
685 486 828 516 suum
866 469 1034 527 finem,
1069 472 1238 515 inania
1279 475 1333 515 et
1374 485 1436 516 ex
1470 468 1682 515 libidine
1740 516 1742 520 ,

131 549 161 597 6
179 550 290 591 orta
313 549 422 593 sine
457 550 675 593 termino
698 552 830 593 sunt.
905 546 1197 593 Necessaria
1227 549 1437 592 metitur
1461 545 1683 602 utilitas;
1726 522 1742 651 1

181 638 485 685 supervacua
539 639 638 686 quo
684 623 907 686 redigis?
999 622 1357 685 Voluptatibus
1409 626 1581 686 itaque
1628 637 1681 670 se
1721 659 1737 686 ‚s

180 706 434 763 mergunt,
470 701 651 763 quibus
691 704 745 747 in
786 700 1206 747 consuetudinem
1240 699 1472 747 adductis
1514 715 1681 746 carere

179 793 282 823 non
328 783 552 840 possunt,
604 784 658 825 et
704 779 770 824 ob
817 777 911 824 hoc
956 781 1221 825 miserrimi
1268 783 1399 836 sunt,
1439 777 1575 840 quod
1621 792 1683 824 eo

179 861 535 916 pervenerunt,
573 861 630 902 ut
664 855 763 902 illis
799 871 927 918 quae
963 872 1267 918 supervacua
1302 855 1520 913 fuerant,
1549 855 1684 902 facta

180 933 282 978 sint
328 936 619 978 necessaria.
693 931 930 980 Serviunt
969 936 1140 996 itaque
1183 933 1541 995 voluptatibus,
1578 947 1680 978 non
1741 931 1742 934 ’

179 1007 430 1066 fruuntur,
468 1016 522 1056 et
555 1010 687 1056 mala
722 1026 826 1067 sua,
862 1010 998 1073 quod
1033 1010 1278 1057 malorum
1312 1009 1547 1057 ultimum
1586 1015 1681 1068 est,
1740 1060 1742 1069 ,

179 1091 234 1132 et
250 1086 266 1115 ¹
291 1092 476 1134 amant.
550 1086 692 1133 Tunc
721 1093 893 1134 autem
917 1094 996 1135 est
1021 1094 1367 1135 consummata
1394 1086 1680 1145 infelicitas,
1704 1084 1742 1212 4

179 1163 264 1209 ubi
301 1167 468 1225 turpia
502 1180 603 1210 non
639 1163 799 1210 solum
836 1164 1112 1223 delectant,
1143 1165 1233 1212 sed
1270 1169 1422 1212 etiam
1460 1164 1680 1227 placent,
1733 1152 1742 1229 ξ’

178 1245 233 1287 et
257 1239 446 1288 desinit
469 1257 579 1287 esse
604 1242 828 1289 remedio
864 1242 1018 1302 locus,
1044 1244 1129 1290 ubi
1153 1259 1283 1307 quae
1310 1242 1510 1290 fuerant
1543 1245 1681 1301 vitia,
1729 1235 1742 1294 ,s

177 1333 340 1365 mores
365 1324 496 1365 sunt.
571 1318 720 1365 VALE.

883 1467 978 1515 XL

525 1592 719 1642 SENECA
759 1595 960 1643 Lveimo
997 1611 1081 1643 svo
1118 1610 1335 1643 SALVTEM

130 1728 155 1777 1
264 1723 415 1783 Quod
447 1723 742 1787 frequenter
777 1723 901 1770 mihi
937 1725 1125 1781 scribis,
1155 1727 1341 1786 gratias
1364 1739 1472 1786 ago.
1549 1723 1676 1768 Nam
1709 1778 1718 1783 θ

178 1818 277 1865 quo
312 1818 414 1848 uno
448 1801 599 1848 modo
635 1808 796 1864 potes,
826 1807 880 1848 te
914 1801 1038 1847 mihi
1075 1801 1314 1862 ostendis.
1392 1801 1677 1863 Numquam

178 1879 445 1942 epistulam
479 1885 618 1925 tuam
646 1882 853 1941 accipio,
883 1885 942 1926 ut
972 1895 1075 1926 non
1107 1882 1336 1942 protinus
1372 1895 1473 1925 una
1507 1881 1674 1925 simus.

177 1956 231 2004 Si
276 1960 521 2019 imagines
567 1957 712 2003 nobis
766 1960 1038 2003 amicorum
1093 1957 1381 2003 absentium
1427 1955 1677 2002 iucundae

176 2041 311 2092 sunt,
344 2050 472 2097 quae
505 2037 795 2080 memoriam
828 2039 1074 2081 renovant
1098 2040 1152 2081 et
1181 2033 1487 2081 desiderium
1502 2032 1522 2063 2
1553 2031 1673 2079 falso

175 2119 329 2175 atque
364 2115 502 2158 inani
538 2110 720 2158 solacio
752 2111 940 2169 levant,
977 2117 1167 2174 quanto
1203 2110 1522 2158 iucundiores
1558 2115 1677 2156 sunt
1737 2114 1738 2119 ’

174 2189 395 2247 litterae,
419 2205 548 2252 quae
573 2204 689 2235 vera
707 2192 853 2235 amici
871 2189 1096 2236 absentis
1114 2192 1343 2251 vestigia,
1367 2204 1507 2235 veras
1531 2193 1676 2234 notas

246 2275 329 2316 let
349 2274 487 2323 LPb;
517 2274 708 2315 omitted
729 2275 791 2328 by
810 2288 853 2328 p.

244 2328 517 2376 2absentiae‚
556 2329 673 2369 after
716 2329 988 2376 desiderium,
1033 2330 1071 2370 is
1113 2327 1360 2370 bracketed
1397 2328 1460 2382 by
1500 2327 1671 2374 Hense,
1705 2344 1708 2351 ⁴

178 2382 406 2436 following
426 2382 616 2424 Gemoll.
1706 2395 1708 2400 ·

244 2468 320 2509 αἱ.
327 2481 381 2514 6.,
411 2467 527 2508 their
555 2467 794 2521 pleasures.
855 2467 1003 2509 These
1035 2467 1122 2515 ills,
1153 2468 1214 2522 by
1244 2468 1380 2521 being
1412 2465 1672 2513 cultivated,
1705 2463 1707 2468 ’

182 2520 363 2563 become
382 2522 514 2563 vices.

183 2585 280 2635 262
