1742 2872
443 144 590 191 THE
626 145 955 192 EPISTLES
984 145 1074 192 OF
1109 145 1376 193 SENECA

151 256 193 315 ξ’
213 250 352 299 Servi
412 251 578 298 sunt.''
685 250 847 298 Immo
910 251 1126 299 humiles
1195 256 1353 300 amici.
1466 259 1499 282 “
1517 254 1656 302 Servi

161 341 324 388 sunt.'’
395 340 556 386 Immo
588 343 828 399 conservi,
861 344 902 388 si
938 341 1232 403 cogitaveris
1266 343 1566 390 tantundem
1602 346 1657 392 in

160 435 399 492 utrosque
423 428 575 475 licere
599 426 844 476 fortunae.
1568 418 1570 421 ’

111 516 139 562 2
249 516 427 581 Itaque
452 518 592 566 rideo
615 521 753 576 istos,
779 521 865 582 qui
888 524 1038 581 turpe
1064 522 1355 565 existimant
1379 535 1494 566 cum
1517 535 1659 569 servo
1738 501 1742 555 ’ἶ

162 621 251 652 suo
266 622 458 654 cenare.
532 606 718 665 Quare,
733 609 829 653 nisi
846 609 963 669 quia
978 607 1330 669 superbissima
1347 609 1659 657 consuetudo

162 697 364 741 cenanti
405 694 609 741 domino
645 698 887 742 stantium
923 710 1176 742 servorum
1218 695 1415 741 turbam
1452 700 1659 745 circum-
1728 686 1742 745 '⁷1

162 782 341 829 dedit?
411 783 503 829 Est
526 783 612 830 ille
638 783 750 845 plus
774 798 925 845 quam
949 785 1100 845 capit,
1119 788 1173 829 et
1196 785 1394 845 ingenti
1417 759 1658 833 aviditate

161 876 338 918 onerat
370 870 651 918 distentum
686 877 916 918 ventrem
952 887 1009 917 ac
1046 870 1313 918 desuetum
1344 875 1443 918 iam
1471 877 1660 921 ventris

162 959 336 1017 officio,
360 965 419 1006 ut
453 962 638 1005 maiore
663 975 815 1022 opera
846 954 1013 1006 on'inia
1038 965 1213 1022 egerat
1245 976 1394 1022 quam
1420 964 1659 1023 ingessit3
1729 1002 1730 1005 ,

114 1051 140 1096 3
161 1054 215 1095 at
246 1047 529 1094 infelicibus
561 1050 714 1094 servis
738 1063 939 1094 movere
975 1046 1113 1094 labra
1135 1063 1200 1094 ne
1231 1050 1281 1094 in
1306 1047 1401 1094 hoc
1436 1049 1658 1112 quidem,

163 1142 220 1183 ut
239 1136 523 1198 loquantur,
539 1135 673 1182 licet.
747 1135 899 1197 Virga
916 1151 1140 1182 murmur
1157 1151 1306 1182 omne
1326 1114 1657 1199 conpescitur,

163 1230 217 1271 et
239 1240 305 1271 ne
330 1223 538 1271 fortuita
562 1224 769 1287 quidem
793 1225 1082 1271 verberibus
1108 1230 1321 1287 excepta
1339 1190 1657 1295 sunt,lgussiS,

161 1318 524 1370 sternumenta,
583 1302 863 1375 singultus.‚·
937 1312 1125 1373 Magno
1187 1311 1320 1358 malo
1378 1312 1480 1358 ulla
1536 1329 1657 1361 voce

161 1399 539 1462 interpellatum
579 1399 837 1447 silentium
877 1399 1044 1446 luitur.
1143 1399 1303 1447 Nocte
1349 1397 1460 1446 tota
1504 1403 1658 1447 ieiuni

159 1493 388 1552 mutique
414 1494 656 1551 perstant.

110 1582 140 1627 4
245 1565 326 1624 Si'e
351 1577 423 1634 fit,
449 1582 507 1623 ut
530 1579 614 1623 isti
645 1575 710 1623 de
735 1575 938 1622 domino
971 1575 1257 1639 loquantur,
1282 1576 1462 1639 quibus
1494 1592 1659 1623 coram

160 1666 364 1713 domino
395 1664 533 1727 loqui
556 1680 659 1710 non
695 1664 827 1711 licet.
903 1664 976 1711 At
1006 1663 1095 1720 illi,
1120 1664 1301 1726 quibus
1332 1679 1434 1710 non
1459 1668 1658 1731 tantum
1724 1678 1725 1683 ¹

160 1770 325 1800 coram
351 1752 581 1811 dominis,
606 1751 697 1799 sed
728 1768 843 1798 cum
866 1754 986 1814 ipsis
1018 1757 1126 1798 erat
1159 1767 1337 1808 sermo,
1361 1767 1573 1814 quorum
1604 1767 1659 1799 os

159 1858 262 1888 non
297 1841 647 1898 consuebatur,
673 1842 833 1902 parati
865 1845 1010 1886 erant
1042 1855 1131 1902 pro
1166 1838 1369 1886 domino
1405 1842 1659 1902 porrigere
1703 1838 1707 1842 ’

161 1932 423 1986 cervicem,
439 1927 718 1991 periculum
735 1930 987 1974 inminens
1002 1930 1055 1973 in
1070 1933 1223 1990 caput
1241 1943 1388 1973 suum
1402 1933 1628 1974 avertere
1646 1943 1659 1983 ;

160 2021 214 2064 in
246 2019 482 2063 conviviis
518 2015 870 2078 loquebantur,
895 2014 985 2061 sed
1021 2017 1073 2060 in
1105 2017 1371 2061 tormentis
1404 2015 1654 2062 tacebant.

113 2107 143 2155 5
164 2105 364 2152 Deinde
423 2104 649 2151 eiusdem
694 2106 1008 2166 arrogantiae
1066 2103 1384 2165 proverbium
1430 2105 1659 2161 iactatur,

162 2193 378 2240 totidem
402 2191 572 2239 hostes
597 2207 705 2239 esse
730 2197 854 2255 quot
879 2206 1058 2237 servos.
1133 2190 1249 2236 Non
1282 2189 1524 2237 habemus
1549 2189 1660 2237 illos

162 2281 349 2339 hosteS,
375 2280 465 2328 sed
490 2280 712 2328 facimus,

247 2369 360 2414 Alia
395 2371 598 2415 interim
633 2367 870 2425 crudelia,
902 2344 1492 2429 inhumanas'praeterecss
1526 2366 1661 2429 quod

160 2474 226 2503 ne
290 2463 547 2520 tamquam
610 2455 895 2502 hominibus
964 2455 1186 2520 quidem,
1250 2454 1341 2501 sed
1405 2460 1660 2519 tamquam

163 2604 260 2646 302
