1742 2872
482 90 628 137 THE
665 91 984 139 EPISTLES
1020 91 1111 139 OF
1146 91 1409 139 SENECA

152 203 179 248 2
203 216 452 247 converso.
527 200 651 246 Cum
700 217 780 247 me
827 204 998 247 amicis
1045 202 1163 248 dedi
1211 219 1311 248 non
1359 209 1530 249 tamen
1571 206 1637 248 mi
1692 199 1694 203 ’
1719 185 1734 246 ;11

202 277 412 335 abduce,
438 294 532 324 nec
565 295 677 324 cum
708 278 805 324 illis
838 295 1016 336 moror,
1041 280 1220 341 quibus
1256 297 1336 326 me
1374 287 1572 342 tempus
1607 280 1697 327 ali42

122 345 137 349 *⁷
204 356 339 419 quod
364 359 688 418 congregavit
712 362 800 402 aut
824 372 970 402 causa
1000 373 1061 403 ex
1095 358 1250 403 officio
1275 364 1394 404 nata
1417 358 1582 415 civili,l
1607 374 1681 405 se
1725 350 1727 354 ’

204 450 318 480 cum
337 437 526 495 optimo
546 451 745 497 quoque
765 451 871 480 sum
892 451 903 490 ;
938 435 1002 481 ad
1026 435 1153 493 illos,
1169 439 1220 480 in
1238 452 1553 498 quocumque
1573 436 1680 482 loco

207 514 257 556 in
283 527 598 574 quocumque
624 512 822 558 saeculo
849 512 1068 571 fuerunt,
1094 516 1315 559 animum
1342 530 1508 560 meum
1537 517 1695 561 mitto

156 593 183 638 3
210 587 543 647 Demetrium,
570 593 782 636 virorum
808 593 1072 652 optimum,
1097 607 1293 637 mecum
1319 591 1611 638 circumfero
1647 607 1709 638 e*

209 665 394 711 relictis
419 665 745 729 conchyliatis
779 684 892 713 cum
928 667 1013 713 illo
1046 668 1307 714 seminudo
1343 668 1534 731 loquor,
1559 668 1647 715 illu
1680 692 1706 732 ¹:
1735 684 1737 732 g

206 743 434 791 admiror.
519 743 710 802 Quidni
762 745 1011 792 admirer?
1080 745 1195 792 Vidi
1242 745 1367 792 nihil
1416 750 1461 793 ei
1509 746 1690 794 deesse
1720 760 1738 820 ἐξ

211 819 546 868 Contemnere
598 821 775 884 aliquis
833 826 998 868 omnia
1056 829 1241 885 potest,
1293 828 1460 870 omnia
1518 823 1691 878 haber-

212 914 358 944 nemo
378 903 558 960 potest.
622 898 916 946 Brevissima
939 899 1003 946 ad
1028 900 1225 947 divitias
1250 917 1340 963 per
1357 908 1651 965 contemptu
1736 903 1738 907 ’

211 975 496 1021 divitiarum
522 979 600 1022 via
624 983 714 1023 est.
790 977 1078 1024 Demetrius
1097 985 1268 1025 autem
1292 986 1463 1026 noster
1481 983 1549 1025 sic
1568 983 1665 1026 vivi
1726 979 1739 1006 '⁵

214 1070 314 1099 non
338 1059 595 1116 tamquam
619 1058 979 1117 contempserit
1003 1047 1186 1114 omnia,
1210 1055 1299 1103 sed
1325 1062 1578 1120 tamquam
1602 1057 1707 1102 al'’
1737 1062 1739 1070 ’

215 1131 447 1178 habenda
471 1134 765 1193 permiserit.
841 1133 989 1180 VALE.
1737 1119 1740 1139 ³

870 1304 1057 1352 LXIII.

555 1419 747 1467 SENECA
787 1420 986 1467 Lvmuo
1022 1437 1105 1468 svo
1143 1439 1359 1470 SALVTEM

169 1542 192 1590 1
305 1540 523 1587 Moleste
561 1541 666 1587 fero
703 1541 975 1588 decessisse
1020 1541 1266 1600 Flaccum,
1303 1548 1517 1590 amicum
1553 1525 1742 1591 tuum*

222 1617 331 1680 plus
379 1624 551 1665 tamen
599 1634 759 1681 aequo
805 1617 975 1665 dolere
1023 1625 1075 1665 te
1123 1620 1250 1666 nolo.
1327 1620 1476 1679 Illud,
1515 1627 1571 1667 ut
1612 1638 1676 1667 no
1741 1610 1742 1661 }

221 1696 406 1754 doleas,
454 1699 532 1742 vix
581 1696 777 1743 audebo
825 1700 1057 1759 exigere3
1117 1703 1170 1744 et
1217 1714 1325 1745 esse
1373 1699 1549 1746 melius
1597 1702 1698 1745 scio
1731 1730 1742 1754 ⁴1

221 1772 322 1820 Sed
347 1777 426 1820 cui
451 1777 546 1820 ista
571 1774 774 1821 firmitas
792 1777 943 1820 animi
971 1778 1234 1838 continget
1259 1779 1353 1822 nisi
1379 1779 1475 1822 iam
1501 1775 1680 1822 multu1

222 1868 369 1914 supra
393 1851 644 1898 fortunam
671 1852 840 1899 elato?
917 1852 1063 1898 Illum
1099 1869 1298 1916 quoque
1333 1857 1428 1900 ista
1463 1870 1542 1900 res
1574 1853 1692 1900 velli

221 1930 372 1987 cabit,
408 1929 495 1977 sed
539 1936 736 1976 tantum
781 1930 1044 1977 vellicabit.
1120 1931 1276 1977 Nobis
1314 1938 1484 1978 autem
1527 1935 1669 1995 ignos

223 2014 392 2070 potest
415 2007 654 2071 prolapsis
679 2008 743 2054 ad
779 2009 1020 2067 lacrimas,
1046 2012 1085 2055 si
1122 2026 1222 2055 non
1259 2013 1441 2057 nimiae
1477 2009 1695 2056 decucur

225 2091 412 2143 rerunt,
437 2089 476 2131 si
502 2089 594 2148 ipsi
627 2085 734 2132 illas
764 2089 1100 2148 repressimus.
1175 2086 1282 2133 Nec
1307 2090 1423 2134 sicci
1455 2090 1555 2133 sint
1587 2086 1702 2133 ocul*
1727 2120 1728 2124 ,

291 2172 303 2197 ¹
335 2172 450 2213 civili
470 2172 558 2213 late
579 2171 736 2219 MSS.;
767 2173 849 2214 civi
867 2172 945 2213 the
966 2176 1071 2220 rest,
1094 2173 1300 2215 followed
1320 2173 1380 2226 by
1403 2173 1571 2214 Hense.
1700 2189 1729 2228 μ

291 2287 312 2306 ‘²
340 2279 596 2320 Demetrius
609 2280 660 2320 of
671 2279 875 2326 Sunium,
890 2280 967 2321 the
980 2279 1121 2333 Cynic
1134 2279 1432 2333 philosopher,
1450 2280 1548 2321 who
1560 2279 1722 2336 taughss

228 2335 269 2374 in
289 2333 432 2374 Rome
453 2336 496 2374 in
516 2334 595 2374 the
615 2336 738 2387 reign
759 2335 810 2374 of
826 2333 1028 2387 Caligula
1046 2334 1135 2374 and
1155 2347 1246 2375 was
1268 2334 1486 2375 banished
1505 2335 1566 2387 by
1583 2334 1675 2376 Ner
1711 2351 1715 2354 ·

294 2389 311 2414 ⁶
338 2388 427 2434 αἶα,
450 2387 507 2428 he
527 2388 607 2428 has
627 2388 841 2429 achieved
867 2388 944 2429 the
968 2388 1091 2430 Stoic
1111 2388 1227 2428 ideal
1246 2388 1298 2429 of
1322 2388 1655 2441 independence
1674 2347 1725 2437 ἃ

227 2441 286 2482 all
302 2442 501 2482 external
515 2442 687 2483 control
704 2459 715 2488 ς
745 2442 801 2482 he
821 2444 857 2483 is
873 2456 900 2482 a
917 2442 1027 2494 king
1040 2442 1131 2483 and
1151 2442 1230 2483 lias
1246 2442 1304 2482 all
1323 2442 1475 2495 things
1491 2446 1538 2483 to
1554 2437 1721 2487 besto&

230 2509 350 2549 upon
370 2495 537 2543 others,
560 2496 641 2538 but
661 2497 798 2537 needs
819 2497 1008 2549 nothing
1029 2497 1097 2537 for
1115 2496 1306 2538 himself.
1702 2502 1718 2548 3

233 2567 327 2608 428
