1742 2872
462 144 606 190 THE
643 142 964 192 EPISTLES
1002 112 1103 192 OF‘
1128 145 1393 192 SENECA
1677 0 1722 241 1

180 252 364 298 accidit
410 253 568 322 nobis,
600 269 824 329 „qlffi'lum
878 257 1030 299 animi
1078 270 1139 300 ex
1186 253 1338 317 longo
1383 255 1555 300 morbo
1600 242 1695 301 re-'2
1718 235 1734 291 ¹}

100 340 158 406 „2
184 333 429 380 ficiuntur.
506 332 824 380 Inimica‘est
857 335 1128 381 multorum
1153 339 1492 391 conversatio3
1528 352 1698 406 nemo>
1733 343 1737 411 ᾗ

182 430 285 461 non
308 414 509 477 aliquod
534 415 677 461 nobis
701 418 877 461 vitium
893 422 983 462 aut
1001 416 1320 463 commendat
1343 423 1431 463 aut
1454 416 1698 479 inprimit
1735 453 1742 471 s

182 501 271 542 aut
328 497 669 542 nescientibus
717 496 909 543 adlinit.
1008 497 1196 561 Utique
1255 514 1354 560 quo
1400 501 1555 544 maior
1602 505 1678 546 est

183 577 413 640 populus,
439 581 518 623 cui
541 580 823 636 miscemur,
848 578 943 624 hoc
969 578 1176 641 periculi
1201 578 1313 640 plus
1339 584 1428 627 est.

271 658 410 704 Nihil
435 675 551 705 vero
575 664 680 704 tam
705 659 1001 706 damnosum
1034 660 1178 705 bonis
1209 660 1429 706 moribus
1454 676 1604 722 quam
1627 664 1680 708 in
1741 669 1742 676 ’

183 740 351 803 aliquo
387 740 674 802 spectaculo
698 739 955 786 desidere.
1029 739 1172 786 Tunc
1209 743 1345 786 enim
1382 757 1472 802 per
1506 741 1705 804 volup?

134 827 162 873 3
185 827 342 867 tatem
381 821 591 868 facilius
610 824 731 867 vitia
769 822 1060 884 subrepunt.
1134 820 1271 879 Quid
1306 837 1388 867 me
1426 825 1709 878 existimas,

184 902 388 949 dicere?
458 903 667 949 Avarior
701 903 869 960 redeo,
901 904 1224 959 ambitiosior,
1254 902 1565 961 luxuriosior,
1589 898 1709 959 im-f

186 1001 267 1030 mo
291 1001 408 1030 vero
434 984 683 1030 crudelior
714 991 767 1031 et
799 983 1132 1041 inhumanior,
1156 987 1274 1047 quia
1296 987 1430 1030 inter
1455 984 1681 1032 homines
1709 1034 1715 1050 ⁸

186 1065 271 1112 fui.
345 1066 471 1112 Casu
508 1069 561 1112 in
598 1065 928 1112 meridianum
966 1065 1308 1127 spectaculum
1350 1066 1504 1112 incidi
1545 1066 1680 1112 lusus
1711 1095 1715 1115 ,-

187 1154 460 1210 expectans
479 1154 533 1194 et
552 1147 679 1194 sales
699 1153 753 1194 et
771 1146 960 1209 aliquid
984 1146 1275 1204 laxamenti,
1299 1163 1398 1210 quo
1423 1147 1681 1194 hominum
1719 1180 1721 1182 ·

188 1228 318 1275 oculi
365 1229 429 1275 ab
477 1228 695 1275 humano
743 1244 915 1274 cruore
958 1227 1315 1290 adquiescant;
1369 1235 1543 1275 contra
1588 1235 1678 1277 est.
1710 1274 1711 1278 ,

188 1309 443 1373 Quicquid
461 1316 580 1356 ante
599 1315 881 1372 pugnatum
901 1315 995 1367 est,
1014 1310 1351 1357 misericordia
1370 1310 1478 1357 fuit.
1536 1311 1684 1358 Nunc
1712 1310 1716 1358 Ῐ

189 1394 380 1438 omissis
404 1394 551 1454 nugis
569 1407 707 1437 mera
726 1390 994 1437 homicidia
1011 1397 1142 1438 sunt.
1207 1391 1345 1437 Nihil
1370 1391 1561 1439 habent
1585 1409 1685 1455 quo
1716 1418 1722 1446 ς

190 1479 445 1535 tegantur,
464 1472 529 1519 ad
546 1476 704 1520 ictum
723 1476 843 1519 totis
863 1473 1149 1535 corporibus
1175 1477 1387 1535 expositi
1412 1489 1684 1537 numquam

138 1551 167 1598 4
190 1554 372 1601 frustra
389 1571 594 1600 manum
610 1557 836 1600 mittunt.
901 1553 1015 1599 Hoc
1035 1553 1262 1616 plerique
1281 1554 1539 1601 ordinariis
1559 1558 1684 1617 pari·
1728 1548 1732 1555 ⁵

191 1636 284 1683 bus
317 1642 371 1682 et
403 1635 732 1698 postulaticiis
766 1634 1069 1697 praeferunt.
1142 1635 1334 1693 Quidni
1363 1635 1684 1699 praeferant?

195 1718 308 1763 Non
333 1717 493 1779 galea,
518 1733 620 1763 non
653 1723 795 1764 scuto
825 1716 1087 1779 repellitur
1112 1716 1310 1763 ferrum.
1383 1717 1499 1776 Quo
1523 1721 1684 1764 muni-

193 1802 401 1846 menta?
469 1799 584 1857 Quo
608 1800 775 1845 artes?
847 1799 1032 1844 Omnia
1049 1801 1145 1845 ista
1163 1802 1334 1845 mortis
1360 1815 1525 1846 morae
1551 1807 1680 1846 sunt.

196 1883 347 1928 Mane
368 1881 595 1928 leonibus
616 1887 668 1927 et
687 1883 812 1927 ursis
828 1879 1073 1937 homines,
1092 1879 1302 1926 meridie
1321 1881 1684 1943 spectatoribus

193 1967 292 2010 suis
328 1963 631 2009 obiciuntur.
724 1960 1080 2008 Interfectores
1122 1960 1461 2008 interfecturis
1508 1963 1686 2009 iubent

193 2046 322 2091 obici
348 2051 402 2091 et
425 2048 667 2091 victorem
696 2047 748 2089 in
781 2043 927 2089 aliam
954 2043 1190 2090 detinent
1214 2043 1435 2090 caedem.
1508 2044 1685 2090 Exitus

194 2129 526 2189 pugnantium
544 2142 674 2172 mors
693 2131 770 2172 est
788 2140 799 2180 ;
826 2124 956 2171 ferro
976 2130 1028 2171 et
1046 2127 1164 2186 igne
1181 2141 1259 2171 res
1274 2128 1478 2187 geritur.
1544 2121 1686 2172 Haec

141 2212 170 2257 5
193 2209 336 2265 fiunt,
378 2208 499 2254 dum
543 2213 684 2254 vacat
725 2205 924 2252 harena.
1015 2204 1166 2252 “Sed
1207 2205 1523 2252 latrocinium
1564 2207 1687 2253 fecit
1740 2222 1742 2226 ·

567 2276 582 2300 Ο

259 2395 280 2414 ‘¹
309 2387 484 2438 During
503 2384 580 2426 the
594 2384 814 2425 luncheon
832 2382 1019 2424 interval
1033 2381 1314 2423 condemned
1333 2383 1556 2424 criminals
1571 2396 1687 2424 were

194 2441 318 2482 often
339 2440 500 2480 driven·
520 2441 614 2479 into
639 2439 718 2478 the
746 2451 881 2478 arena
909 2436 999 2477 and
1027 2435 1275 2489 ‹eompelled
1293 2441 1341 2477 to
1361 2436 1491 2490 fig-ht,
1513 2438 1582 2478 for
1608 2437 1686 2478 the

193 2497 474 2602 aitanjpsement
493 2493 543 2534 of
558 2493 687 2534 those
703 2494 951 2545 spectators
967 2495 1063 2531 who
1078 2490 1305 2531 remained
1319 2490 1595 2544 throughout
1609 2491 1686 2532 the

196 2621 258 2661 30
