1742 2872
75 249 149 300 12ξ

75 629 135 676 13

117 1710 138 1758 1

439 127 587 175 THE
621 127 942 176 EPISTLES
980 127 1070 176 OF
1104 128 1372 176 SENECA

243 235 382 295 Quid
414 238 569 300 ergo?
658 237 774 284 Non
798 254 859 285 eo
883 241 1049 301 potius
1082 254 1251 284 curam
1284 237 1571 296 transferes,
1595 243 1654 285 ut

158 315 394 361 ostendas
429 316 660 362 omnibus
695 332 880 378 magno
915 319 1155 378 temporis
1202 315 1442 377 inpendio
1483 318 1654 378 quaeri

157 408 462 454 supervacua
509 399 562 439 et
613 393 798 440 multos
853 396 1088 440 transisse
1136 396 1308 451 vitam,
1355 393 1476 439 dum
1522 396 1654 440 vitae

157 473 492 516 instrumenta
517 472 856 533 conquirunt?
927 470 1246 533 Recognosce
1277 471 1515 533 singulos,
1540 487 1656 517 con-

159 547 321 594 sidera
338 551 593 594 universos
603 564 615 604 3
640 548 826 594 nullius
844 565 947 594 non
962 552 1066 595 vita
1084 554 1282 611 spectat
1298 552 1351 594 in
1370 552 1654 595 crastinum.

158 624 297 683 Quid
343 629 396 671 in
442 624 537 671 hoc
584 629 649 672 sit
695 626 830 683 mali,
872 627 1102 688 quaeris?
1182 625 1455 673 Infinitum.
1546 626 1657 672 Non

159 706 296 750 enim
342 706 534 761 vivunt,
581 702 672 750 sed
718 706 897 750 victuri
945 710 1075 750 sunt.
1173 702 1359 750 Omnia
1404 703 1655 751 differunt.

160 780 370 827 Etiamsi
398 780 806 839 adtenderemus,
830 787 1004 828 tamen
1035 798 1126 828 nos
1151 785 1254 828 vita
1286 787 1659 844 praecurreret3

158 874 294 904 nunc
347 874 465 904 vero
520 864 819 905 cunctantes
865 862 1006 921 quasi
1053 858 1218 906 aliena
1264 863 1560 906 transcurrit
1607 865 1661 906 et

159 936 338 982 ultimo
361 935 445 983 die
469 937 655 994 finitur,
680 940 817 982 omni
842 939 987 998 perit.

246 1013 348 1061 Sed
394 1030 459 1066 ne
508 1014 755 1076 epistulae
811 1014 1015 1060 modum
1071 1015 1330 1074 excedam,
1376 1032 1504 1079 quae
1559 1032 1660 1062 non

160 1092 318 1140 debet
358 1095 608 1138 sinistram
649 1108 854 1138 manum
900 1091 1120 1154 legentis
1161 1092 1372 1155 inplere,
1415 1097 1467 1140 in
1508 1093 1661 1140 alium

161 1170 298 1218 diem
340 1169 469 1216 hanc
511 1170 655 1216 litem
697 1186 813 1216 cum
854 1169 1130 1216 dialecticis
1177 1170 1403 1217 differam
1450 1174 1660 1218 nimium

162 1248 428 1295 subtilibus
447 1254 502 1295 et
521 1247 615 1295 hoc
634 1248 797 1295 solum
815 1248 1120 1307 curantibus,
1139 1264 1242 1294 non
1262 1255 1315 1295 et
1335 1248 1442 1297 hoc.
1509 1249 1657 1297 VALE.

819 1468 1003 1518 XLVI.

506 1588 704 1637 SENECA
744 1588 945 1635 Lvmuo
980 1604 1066 1635 svo
1102 1602 1320 1635 SALVTEM

250 1709 457 1757 Librum
496 1715 659 1767 tuum,
694 1725 847 1772 quem
886 1708 1012 1755 mihi
1053 1711 1363 1771 promiseras,
1398 1710 1570 1770 accepi
1611 1713 1666 1755 et

164 1793 423 1850 tamquam
451 1787 674 1834 lecturus
710 1802 773 1833 ex
806 1786 1070 1833 commodo
1103 1786 1343 1849 adaperui
1371 1803 1429 1832 ac
1465 1792 1664 1833 tantum
1714 1790 1716 1795 “

164 1865 434 1928 degustare
493 1864 640 1911 volui.
737 1863 939 1910 Deinde
994 1863 1252 1911 blanditus
1311 1870 1390 1910 est
1436 1867 1560 1926 ipse,
1607 1869 1665 1909 ut

167 1942 493 2005 procederem
533 1941 747 2003 longius.
821 1939 922 1998 Qui
957 1957 1108 2004 quam
1144 1941 1361 1988 disertus
1397 1940 1566 1999 fuerit,
1603 1955 1666 1986 ex
1740 1977 1742 1983 .

167 2020 262 2066 hoc
297 2019 568 2082 intellegas
601 2019 752 2074 licet3
787 2018 913 2065 levis
943 2018 1069 2065 mihi
1104 2022 1237 2066 visus
1270 2025 1364 2078 est,
1391 2035 1507 2065 cum
1535 2023 1670 2065 esset

166 2114 262 2144 nec
286 2100 387 2143 mei
419 2113 514 2143 nec
550 2099 626 2142 tui
659 2099 891 2158 eorporis,
917 2095 1007 2142 sed
1043 2098 1128 2158 qui
1158 2099 1317 2158 primo
1341 2101 1549 2158 aspectu
1579 2100 1668 2141 aut

167 2175 270 2222 Titi
318 2174 446 2221 Livii
480 2180 569 2220 aut
606 2173 808 2236 Epicuri
848 2179 1019 2237 posset
1055 2173 1225 2220 videri.
1299 2173 1463 2219 Tanta
1496 2178 1668 2219 autem

168 2252 439 2300 dulcedine
486 2268 569 2298 me
617 2255 784 2298 tenuit
826 2257 880 2298 et
925 2254 1095 2309 traxit,
1137 2257 1196 2298 ut
1235 2250 1379 2297 illum
1420 2254 1528 2298 sine
1565 2249 1667 2296 ulla

228 2378 250 2398 ⁰
277 2369 322 2411 A
350 2369 470 2411 book
492 2382 581 2410 was
609 2368 812 2409 unrolled
832 2369 939 2410 with
967 2368 1047 2410 the
1075 2368 1197 2422 right
1223 2368 1374 2417 hand;
1412 2369 1491 2410 the
1510 2368 1665 2409 reader

197 2423 382 2466 athei-ed
414 2437 444 2464 u
507 2424 586 2464 the
617 2426 718 2476 part
750 2422 934 2476 already
967 2422 1159 2476 pei-used
1180 2422 1286 2463 with
1318 2422 1388 2463 his
1417 2422 1500 2464 lest
1530 2422 1663 2463 hand.

165 2438 334 2531 {Tearly
359 2477 418 2519 all
446 2437 588 2518 gooks
617 2480 665 2517 at
691 2476 782 2517 this
810 2478 919 2518 time
948 2490 1065 2518 were
1091 2490 1290 2531 papyrus
1319 2477 1439 2525 rolls,
1469 2490 1520 2518 as
1548 2490 1665 2517 were

166 2533 320 2574 letters
340 2533 391 2573 of
405 2545 497 2585 any
515 2534 642 2585 great
661 2530 830 2584 length.

169 2603 263 2653 298
