1742 2872
473 142 620 188 THE
657 141 978 189 EPISTLES
1015 141 1105 189 OF
1141 141 1408 189 SENECA

163 255 349 315 ,magis
383 255 623 315 pertinet,
648 251 809 315 qualis
841 252 936 299 tibi
961 251 1174 298 videaris
1198 267 1349 314 quam
1374 251 1533 314 qualis
1565 250 1687 299 aliis.

194 334 455 380 Conciliari
479 337 573 381 nisi
597 337 733 396 turpi
757 337 951 380 ratione
970 349 1110 379 amor
1132 336 1355 395 turpium
1378 349 1481 379 non
1504 338 1687 395 potest.

109 418 170 466 12
193 415 331 474 Quid
356 432 475 478 ergo
494 415 581 462 illa
603 415 807 462 laudata
826 421 879 462 et
898 415 1127 461 omnibus
1154 414 1484 477 pracferenda
1502 415 1692 461 artibus

194 498 441 560 rebusque
477 496 794 559 philosophia
828 497 1140 558 praestabit?
1216 495 1420 542 Scilicet
1457 502 1513 542 ut
1550 496 1691 542 malis

194 579 287 625 tibi
323 579 522 642 placere
564 595 713 642 quam
750 577 953 640 popu10,
990 583 1047 624 ut
1082 581 1317 624 aestimes
1355 576 1552 634 iudicia,
1587 593 1691 623 non

192 676 443 718 numeres,
468 666 526 706 ut
551 663 657 706 sine
683 665 824 706 metu
848 659 1057 705 deorum
1082 658 1442 722 hominumque
1467 662 1615 716 vivas,
1635 665 1695 705 ut

194 747 282 788 aut
318 744 488 788 vincas
525 741 656 787 mala
692 747 780 787 aut
817 740 971 787 finias.
1061 741 1394 798 Ceterum,‘si
1431 747 1485 787 te
1523 740 1694 787 videro

196 822 447 869 celebrem
473 822 705 869 secundis
729 822 931 869 vocibus
950 822 1104 885 vulgi,
1124 825 1163 868 si
1187 825 1410 869 intrante
1435 828 1488 869 te
1508 822 1694 868 clamor

196 910 250 950 et
273 904 491 966 plausus,
517 907 873 967 pantomimica
901 910 1212 962 ornamenta,
1238 905 1628 966 obstrepuerint,
1653 906 1693 950 si

195 991 304 1032 tota
331 989 536 1033 civitate
560 992 614 1033 te
638 986 856 1033 feminae
886 989 1128 1048 puerique
1162 985 1494 1042 laudaverint,
1519 983 1695 1048 quidni

196 1083 291 1129 ego
338 1070 413 1113 tui
454 1071 706 1125 miserear,
753 1083 868 1113 cum
915 1070 1083 1126 sciam,
1131 1073 1259 1129 quae
1307 1070 1386 1113 via
1431 1066 1496 1113 ad
1542 1069 1694 1132 istum

194 1146 413 1195 favorem
441 1149 606 1196 ferat?
674 1148 825 1196 VALE.

541 1526 733 1576 SENECA
775 1529 975 1576 LVCILIO
1012 1546 1096 1576 SVO
1133 1543 1351 1575 SALVTEM
1720 1297 1742 1616 ¹

151 1673 175 1721 l
283 1671 488 1718 Bassum
523 1671 794 1728 Aufidium,
831 1674 988 1717 virum
1023 1674 1287 1733 optimum,
1311 1670 1413 1717 vidi
1444 1687 1694 1734 quassum,

195 1754 384 1800 aetatil
421 1753 781 1800 obluctantem.
856 1752 957 1799 Sed
993 1756 1090 1799 iam
1127 1752 1238 1814 plus
1274 1752 1418 1799 illum
1453 1753 1696 1817 degravat

195 1851 344 1898 quam
385 1834 520 1898 quod
563 1838 718 1896 possit
757 1834 952 1891 attolli;
994 1851 1178 1897 magno
1214 1840 1447 1881 senectus
1490 1842 1544 1882 et
1583 1839 1693 1882 uni-

195 1933 335 1963 verso
372 1916 595 1979 pondere
632 1917 873 1963 incubuit.
949 1915 1055 1963 Scis
1097 1916 1241 1962 illum
1277 1932 1475 1978 semper
1510 1916 1691 1963 infirmi
1739 1970 1742 1986 4

195 2001 410 2061 corporis
436 2005 488 2046 et
514 2001 706 2045 exsucti
736 1997 900 2044 fuisse.
976 1998 1078 2043 Diu
1109 1996 1236 2043 illud
1261 2001 1511 2044 continuit
1536 2003 1605 2055 et,
1635 2004 1705 2062 ut·
1740 1993 1742 2011 *

147 2078 175 2124 2
195 2083 358 2126 verius
377 2080 556 2137 dicam,
577 2082 889 2126 continuavit
904 2078 952 2135 2;
986 2079 1152 2125 subito
1171 2078 1372 2126 defecit.
1436 2079 1668 2137 Quemad
1710 2070 1711 2074 ¹

195 2161 399 2207 modum
424 2165 478 2208 in
502 2178 644 2219 nave,
670 2178 798 2224 quae
828 2164 1077 2207 sentinam
1110 2160 1281 2217 trahit,
1307 2165 1393 2207 uni
1418 2165 1571 2207 rimae
1603 2179 1664 2208 au
1741 2217 1742 2223 ἵ

188 2243 340 2289 alteri
379 2244 654 2301 obsistitur,
689 2244 776 2290 ubi
811 2243 1037 2305 plurimis
1078 2242 1198 2290 locis
1235 2242 1387 2290 laxari
1429 2247 1597 2306 coepit
1637 2260 1687 2298 ev

193 2324 390 2382 cedere,
433 2328 649 2371 succurri
690 2341 790 2370 non
831 2330 998 2386 potest
1033 2327 1231 2386 navigio
1273 2324 1583 2382 dehiscenti3
1619 2325 1694 2373 ita‘

264 2433 277 2458 ¹
306 2434 398 2476 vidi
417 2447 633 2488 quassum,
651 2433 785 2473 aetati
806 2431 962 2472 Hense
978 2449 989 2480 ;
1018 2432 1294 2486 vidquassum
1313 2438 1461 2474 aetatu
1479 2434 1612 2474 aetati
1631 2446 1660 2486 p
1677 2445 1688 2457 ·

193 2488 285 2529 vidi
303 2501 503 2541 quassum
523 2492 676 2534 aetate,
698 2487 832 2527 aetati
851 2485 1097 2528 Chatelain.

261 2540 279 2566 2
305 2542 571 2583 continuavit
593 2540 866 2587 Buecheler;
896 2540 1149 2581 continiavit
1168 2554 1226 2594 p;
1257 2541 1528 2582 concinnavit
1549 2540 1669 2582 LPb.

196 2613 293 2654 210
