1742 2872
498 134 644 180 THE
681 133 1001 181 EPISTLES
1039 133 1128 180 OF
1164 132 1431 181 SENECA

214 250 352 292 aetas
411 250 518 301 est;
576 243 784 290 forsitan
840 243 1062 291 habebis.
1160 244 1352 301 Nescis,
1399 260 1498 306 qua
1543 250 1712 291 aetate

147 314 161 317 “
219 319 434 366 Hecuba
491 321 673 366 servire
732 322 971 381 coeperit,
1006 335 1105 381 qua
1153 317 1378 375 CroesuS,
1413 334 1511 380 qua
1543 318 1711 380 >Darei

217 399 392 451 mater,
418 409 516 456 qua
542 392 737 450 Platon,
762 409 860 455 qua
887 392 1178 455 Diogenes?

132 462 192 510 13
300 466 425 513 Vive
458 483 573 512 cum
605 482 747 512 servo
779 466 1073 522 clementer,
1099 468 1309 512 comiter
1340 481 1556 527 quoque,
1582 468 1710 511 etin

216 555 497 586 sermonem
530 539 673 585 illum
709 538 922 586 admitte
959 545 1012 585 et
1046 543 1099 585 in
1134 538 1396 586 consilium
1428 545 1482 585 et
1512 541 1564 584 in
1596 555 1712 584 con-

216 616 417 660 victum.
515 613 631 659 Hoc
688 613 798 658 loco
825 609 1148 659 ‘adclamabit
1205 612 1329 658 mihi
1381 618 1490 658 tota
1534 628 1711 658 manus

216 686 544 733 delicatorum
561 704 585 744 :y
610 690 641 713 “
658 686 799 732 Nihil
826 685 919 732 hac
943 702 997 733 re
1029 685 1282 743 humilius,
1307 685 1432 732 nihil
1467 685 1710 748 turpius?

219 760 329 806 Hos
366 776 461 822 ego
497 759 701 806 eosdem
737 759 1115 822 deprehendam
1149 759 1425 818 alienorum
1460 775 1712 806 servorum

132 831 193 879 14
217 833 498 880 osculantes
533 849 751 880 manum.
824 833 904 879 Ne
940 833 1066 879 illud
1099 833 1306 896 quidem
1341 832 1538 890 videtis,
1563 848 1712 895 quam

216 923 419 953 omnem
465 906 704 953 ierdiam
750 910 961 953 maiores
1019 910 1175 953 nostri
1235 906 1464 964 dominis,
1511 922 1711 952 omnem

216 980 573 1026 contumeliam
608 982 760 1026 servis
792 979 1138 1027 detraxerint?
1209 979 1482 1026 Dominum
1517 985 1712 1042 patrem

215 1052 432 1100 familiae
468 1052 865 1119 appellaverunt,
889 1069 1070 1111 servos,
1104 1053 1239 1116 quod
1274 1057 1427 1100 etiam
1462 1056 1513 1099 in
1548 1055 1712 1099 mimis

213 1126 378 1173 adhuc
414 1127 577 1184 durat,
613 1126 891 1174 familiares.
967 1127 1304 1174 Instituerunt
1338 1126 1473 1173 diem
1509 1126 1711 1184 festum,

213 1216 315 1246 non
339 1217 438 1263 quo
463 1200 566 1247 solo
591 1217 706 1246 cum
731 1203 891 1247 servis·
915 1200 1105 1247 domini
1138 1206 1474 1258 vescerentur,
1499 1200 1587 1247 sed
1612 1216 1711 1262 quo

213 1277 418 1336 utique3
478 1273 690 1321 honores
736 1273 833 1320 illis
880 1277 931 1320 in
985 1274 1134 1320 domo
1181 1290 1373 1337 gerere,
1420 1277 1496 1320 ius
1543 1273 1710 1321 dicere

211 1350 546 1409 permiserunt
582 1353 636 1394 et
670 1346 875 1409 domum
911 1347 1141 1410 pusillam
1174 1364 1279 1394 rem
1315 1347 1567 1410 publicam
1602 1363 1710 1394 esse

212 1420 572 1467 iudicaverunt.

130 1496 189 1543 15
299 1494 484 1553 “Quid
525 1496 681 1557 ergo?
769 1494 960 1542 Omnes
996 1511 1160 1542 servos
1195 1494 1472 1541 admovebo
1506 1511 1709 1542 mensae

212 1568 435 1615 meae?”
510 1568 624 1614 Non
664 1572 822 1630 magis
863 1585 1014 1631 quam
1059 1585 1233 1616 omnes
1279 1568 1474 1615 liberos.
1547 1569 1709 1627 Erras,

211 1644 251 1687 si
299 1645 557 1706 existimas
597 1658 679 1688 me
726 1642 967 1704 quosdam
1013 1646 1153 1705 quasi
1200 1641 1482 1689 sordidioris
1527 1659 1708 1705 operae

211 1718 531 1773 reiecturum,
558 1722 614 1762 ut
644 1722 767 1778 puta
790 1716 932 1762 illum
970 1716 1245 1762 mulionem
1278 1722 1330 1763 et
1363 1715 1505 1762 illum
1528 1716 1708 1763 bubul-
1740 1726 1742 1762 i

211 1805 356 1845 cum3
402 1795 517 1835 non*
540 1792 826 1836 ministeriis
866 1789 976 1836 illos
1017 1790 1307 1848 aestimabo,
1343 1789 1433 1836 sed
1472 1791 1703 1837 moribus.

211 1861 317 1909 Sibi
359 1866 568 1925 quisque
610 1862 698 1909 dat
738 1879 917 1920 mores,
952 1866 1227 1910 ministeria
1273 1879 1413 1910 casus
1459 1863 1703 1926 adsignat.
1738 1870 1742 1906 ἶ

213 1934 431 1993 Quidam
466 1943 653 1983 cenent
685 1942 872 1994 tecum,
909 1940 1025 1999 quia
1065 1937 1206 1999 digni
1247 1942 1380 1995 sunt,
1404 1937 1625 2000 quidam,
1650 1944 1708 1984 ut

167 2003 325 2057 &sint
400 2009 451 2056 Si
476 2009 598 2072 quid
631 2013 766 2056 enim
797 2013 849 2056 in
883 2009 978 2056 illis
1003 2026 1066 2057 ex
1098 2010 1295 2057 sordida
1331 2014 1706 2058 conversatione
1735 2003 1738 2007 ’

279 2156 300 2174 α
328 2147 456 2189 Plato
475 2160 566 2188 was
586 2148 726 2188 about
744 2147 864 2201 forty
884 2162 1014 2201 years
1034 2148 1109 2190 old
1131 2148 1260 2190 when
1281 2149 1338 2190 he
1364 2149 1524 2191 visited
1551 2149 1703 2203 Sicily,
1728 2172 1729 2175 ¹

212 2202 394 2242 whence
414 2201 471 2242 he
490 2214 580 2242 was
601 2201 862 2242 afterwards
881 2201 1098 2255 deported
1117 2203 1178 2256 by
1195 2203 1438 2257 Dionysius
1456 2203 1534 2245 the
1554 2204 1700 2247 Elder.
1726 2207 1727 2210 ’

214 2256 289 2297 He
308 2269 399 2296 was
419 2255 516 2296 sold
535 2257 630 2296 into
650 2256 824 2308 slavery
843 2259 891 2296 at
910 2256 1086 2309 Aegina
1104 2257 1195 2298 and
1214 2257 1450 2299 ransomed
1473 2258 1534 2311 by
1553 2272 1582 2298 a
1600 2271 1703 2301 man
1724 2304 1725 2309 Ἰ

213 2310 329 2351 fr0m
362 2308 549 2363 Cyrene.
611 2309 852 2362 Diogenes,
883 2310 1013 2351 while
1040 2311 1278 2364 travelling
1304 2311 1419 2352 from
1452 2311 1628 2353 Athens
1656 2316 1705 2355 to

213 2363 405 2416 Aegina,
422 2365 460 2404 is
481 2363 578 2407 said
597 2366 644 2404 to
663 2363 778 2404 have
798 2363 910 2404 been
932 2365 1149 2417 captured
1175 2365 1236 2418 by
1256 2367 1421 2418 pirates
1437 2365 1527 2406 and
1542 2366 1639 2407 sold
1658 2368 1702 2408 in

213 2417 359 2464 Crete,
381 2416 528 2468 where
542 2410 604 2457 he
624 2430 714 2458 was
735 2417 986 2471 purchased
1005 2418 1067 2472 by
1085 2432 1114 2459 a
1139 2421 1306 2460 certain
1334 2418 1593 2461 Corinthian
1614 2418 1704 2462 and

210 2473 342 2524 given
363 2471 431 2512 his
451 2470 664 2513 freedom.

278 2527 294 2551 ὃ
322 2526 389 2566 220.
399 2554 411 2572 ‚
425 2538 475 2567 as
487 2525 565 2566 the
572 2528 749 2578 praetor
760 2525 942 2566 himself
951 2539 1042 2568 was
1055 2526 1272 2580 normally
1279 2527 1701 2570 accustomedtodo.

211 2596 307 2638 308
