1742 2872
493 169 640 222 THE
675 173 996 224 EPISTLES
1033 175 1124 225 OF
1158 176 1425 226 SENECA
1704 0 1742 264 1

126 346 150 351 -.
211 286 356 332 sunt1
376 302 388 341 3
405 286 433 301 '’
461 285 555 331 hoc
574 290 738 347 ipsum
758 292 834 332 est
860 286 986 332 nihil
1005 287 1192 333 bonum
1212 293 1405 349 putare,
1426 287 1559 349 quod
1579 290 1702 350 eripi
1732 323 1734 326 >

210 363 378 421 possit.

297 433 537 478 Miramur
559 433 791 478 animalia
809 433 1071 495 quaedam,
1091 449 1218 496 quae
1238 450 1328 496 per
1345 433 1536 480 medios
1560 436 1703 495 ignes

209 509 316 552 sine
341 522 471 552 noxa
495 523 755 568 corporum
779 512 1067 563 transeant3
1104 513 1293 569 quanto
1328 506 1410 553 hic
1434 507 1719 573 mirabiliorss

208 582 297 637 vir,
322 583 408 642 qui
431 596 523 642 per
545 579 732 626 ferrum
765 587 819 626 et
853 583 1018 627 ruinas
1050 587 1104 627 et
1135 584 1277 643 ignes
1309 581 1526 626 inlaesus
1552 587 1604 626 et
1628 581 1721 638 inf?

208 652 404 699 demnis
452 653 637 700 evasit!
731 653 901 711 Vides,
947 660 1136 716 quanto
1193 654 1386 700 facilius
1432 657 1497 701 sit
1542 660 1703 702 totam

208 732 418 789 gentem
452 743 603 790 quam
640 744 794 773 unum
827 730 987 773 virum
1017 729 1251 774 vincere?
1325 728 1468 774 Haec
1500 744 1595 774 vox
1629 727 1707 775 illi¹

208 804 484 847 communis
509 807 587 847 est
610 817 725 847 cum
743 799 924 847 Stoico.
997 800 1175 864 Aeque
1195 807 1248 848 et
1268 801 1348 847 hic
1366 805 1556 848 intacta
1573 802 1672 848 bon

207 889 299 935 per
322 880 660 921 concrematas
685 875 833 921 urbes
864 873 977 921 fert.
1052 874 1116 921 Se
1143 878 1278 921 enim
1302 878 1410 937 ipso
1435 881 1675 922 contentu

209 953 300 994 est.
375 947 490 994 Hoc
515 947 813 995 felicitatem
837 964 975 994 suam
1000 948 1099 994 fine
1124 948 1370 1011 designat.

123 1014 187 1061 20
279 1021 357 1068 Ne
381 1024 637 1069 existimes
661 1038 752 1068 nos
777 1021 907 1069 solos
942 1038 1186 1084 generosa
1221 1022 1373 1068 verba
1396 1025 1612 1079 iactare3
1648 1037 1676 1069 e

207 1097 315 1156 ipse
339 1093 580 1142 Stilbonis
605 1096 893 1158 obiurgator
917 1095 1160 1157 Epicurus
1192 1096 1406 1142 similem
1431 1096 1502 1141 illi
1531 1111 1648 1143 voce

208 1171 391 1226 emisit,
411 1185 560 1232 quam
585 1176 641 1216 tu
666 1170 785 1215 boni
810 1169 1031 1226 consule,
1051 1173 1205 1216 etiam
1228 1174 1267 1216 si
1294 1169 1428 1215 hunc
1443 1169 1578 1216 diem
1602 1173 1650 1216 ia

208 1246 439 1304 expunxi.
513 1242 613 1290 “Si
648 1242 776 1301 cui,’'
810 1246 992 1305 inquit,
1027 1249 1162 1290 “sua
1193 1259 1294 1289 non
1328 1243 1565 1290 videntur
1598 1259 1678 1290 am

207 1315 440 1377 plissima‚
468 1317 590 1363 licet
613 1320 770 1363 totius
794 1316 971 1363 mundi
995 1317 1226 1363 dominus
1252 1320 1331 1374 sit,
1358 1323 1529 1363 tamen
1555 1320 1676 1364 mise

207 1389 331 1437 est.’'
386 1389 480 1437 Vel
497 1394 536 1437 si
554 1390 650 1436 hoc
667 1390 819 1437 modo
837 1391 931 1447 tibi
950 1390 1129 1437 melius
1149 1393 1400 1437 enuntiari
1419 1391 1634 1449 videtur,

205 1462 258 1509 id
293 1467 427 1510 enim
462 1464 718 1527 agendum
754 1470 848 1522 est,
874 1471 931 1511 ut
966 1481 1067 1510 non
1102 1465 1266 1511 verbis
1301 1468 1587 1522 serviamuS,
1612 1480 1664 1512 se

205 1538 518 1597 sensibus,-
535 1556 545 1585 :
572 1543 603 1565 “
621 1538 777 1585 Miser
795 1545 888 1596 est,
908 1542 994 1601 qui
1013 1555 1066 1585 se
1092 1554 1191 1584 non
1211 1539 1554 1585 beatissimum
1573 1538 1708 1591 iudi
1739 1562 1742 1567 ·

122 1613 181 1661 21
206 1617 303 1670 cat,
322 1611 444 1659 licet
462 1615 678 1675 imperet
696 1612 898 1659 mundo.
904 1612 932 1634 ’'
994 1611 1066 1659 Ut
1081 1615 1204 1659 scias
1223 1618 1394 1659 autem
1413 1612 1503 1660 hos
1528 1620 1705 1661 sensus

206 1700 314 1732 esse
339 1701 647 1743 communes,
666 1692 844 1732 natura
863 1685 1056 1733 scilicet
1079 1685 1322 1744 dictante,
1340 1687 1474 1750 apud
1499 1692 1700 1749 poetam

206 1762 451 1805 comicum
476 1763 731 1806 invenies:

477 1867 580 1908 Non
599 1871 670 1908 est
689 1867 864 1915 beatus,
886 1880 986 1908 esse
1004 1880 1054 1909 se
1077 1869 1152 1921 qui
1173 1881 1262 1908 non
1283 1870 1426 1921 putat.

205 1963 343 2023 Quid
369 1967 504 2011 enim
529 1963 702 2022 refert,
726 1964 885 2027 qualis
911 1970 1071 2011 status
1100 1970 1218 2011 tuus
1254 1968 1335 2021 sit,
1361 1969 1400 2011 si
1436 1965 1531 2011 tibi
1565 1965 1677 2012 vide

119 2046 181 2092 22
204 2044 289 2085 tur
311 2038 504 2084 malus?
576 2043 607 2065 “
623 2037 761 2096 Quid
787 2054 906 2099 ergo
923 2040 943 2085 ?
958 2037 986 2054 ”
1036 2042 1214 2100 inquis.
1288 2043 1319 2066 “
1336 2037 1388 2084 Si
1418 2039 1622 2085 beatum
1646 2055 1668 2086 s

205 2111 391 2159 dixerit
413 2111 500 2158 ille
530 2115 746 2173 turpiter
781 2111 921 2158 dives
958 2117 1011 2158 et
1046 2111 1134 2158 ille
1171 2112 1443 2158 multorum
1469 2111 1673 2202 dominu

204 2185 293 2232 sed
313 2185 531 2248 plurium
554 2201 740 2243 servus,
759 2184 939 2231 beatus
957 2201 1046 2232 sua
1070 2189 1326 2232 sententia
1344 2184 1456 2232 fiet.
1448 2185 1494 2219 2’
1587 2185 1662 2231 No

271 2271 364 2313 lid
382 2276 441 2312 est
459 2271 643 2318 iuxtim,
664 2271 817 2315 vlo-1³13
836 2271 1091 2325 prudentia,
1113 2271 1230 2312 after
1256 2276 1370 2321 eunt,
1396 2275 1514 2312 most
1535 2270 1663 2313 MSS.

206 2324 383 2367 deleted
401 2325 463 2378 by
486 2324 742 2366 Buecheler.

191 2463 195 2466 -
268 2418 289 2438 ‘²
318 2410 449 2463 Frag.
473 2412 554 2450 474
574 2409 762 2451 Usener.
1136 2410 1153 2435 ⁶
1184 2409 1252 2464 C'f.
1275 2409 1433 2456 above,
1455 2412 1534 2459 56.

271 2464 345 2506 ⁰i.
353 2478 405 2510 e„
427 2466 509 2504 not
527 2462 735 2504 confined
753 2466 802 2503 to
821 2462 900 2503 the
919 2461 1081 2508 Stoics‚
1103 2465 1187 2503 etc.

271 2519 293 2544 ἆ
320 2493 497 2558 Au⁹thor
511 2516 763 2565 unknown;
782 2516 991 2570 perhaps,
1001 2529 1050 2557 as
1067 2516 1311 2557 Buecheler
1323 2515 1477 2557 thinks
1481 2515 1666 2569 ,adapte

205 2571 320 2613 from
340 2571 417 2612 the
437 2571 603 2613 Greek.

206 2642 271 2684 54
