1742 2872
497 152 643 199 THE
680 151 1000 200 EPISTLES
1037 153 1128 201 OF
1163 153 1428 201 SENECA

154 307 178 312 a
216 263 309 309 tibi
341 262 437 308 alia
472 268 706 325 parentes
741 265 847 318 tui;
896 260 986 308 sed
1022 278 1117 324 ego
1154 267 1327 308 contra
1361 265 1585 308 omnium
1621 263 1715 308 tibi

215 367 387 397 eorum
416 356 765 412 contemptum
799 356 936 412 opto,
963 366 1184 412 quorum.
1203 349 1276 395 illi
1306 353 1511 412 copiam.
1586 350 1717 396 Vota

214 437 412 483 illorum
427 437 612 484 multos
631 437 906 499 conpilant,
923 442 981 483 ut
999 442 1053 483 te
1068 435 1398 499 locupletent.
1462 437 1716 500 Quicquid

165 525 193 570 5
216 525 278 571 ad
304 532 357 572 te
382 525 709 582 transferunt,
729 525 877 571 alicui
902 523 1274 572 detrahendum
1296 531 1386 571 est.
1461 524 1598 587 Opto
1623 525 1717 571 tibi

217 619 292 661 tui
327 614 640 673 facultatem,
666 621 723 661 ut
755 618 892 677 vagis
926 615 1314 676 cogitationibus
1349 618 1540 677 agitata
1575 612 1717 661 mens

218 703 425 750 tandem
462 706 662 750 resistat
695 709 748 750 et
784 709 922 749 certa
951 705 1032 760 sit,
1057 708 1116 749 ut
1139 702 1337 764 placeat
1363 703 1455 749 sibi
1482 709 1535 749 et
1566 702 1716 749 intel-

217 790 363 838 lectis
399 791 560 837 veris1
598 792 758 848 bonis,
790 807 936 853 quae,
961 790 1108 837 simul
1143 789 1405 837 intellecta
1441 797 1574 848 sunt,
1606 807 1717 853 pos-

218 878 462 936 sidentur,
487 882 668 926 aetatis
700 879 984 925 adiectione
1013 895 1115 924 non
1149 884 1310 941 egeat.
1387 877 1480 924 Ille
1513 878 1718 924 demum

217 970 544 1014 necessitates
570 982 918 1028 supergressus
944 972 1021 1013 est
1046 972 1099 1013 et
1119 972 1468 1014 exauctoratus
1491 983 1548 1012 ac
1574 965 1718 1026 liber,

218 1059 304 1119 qui
328 1058 451 1102 vivit
476 1058 578 1102 vita
602 1061 818 1119 peracta.
892 1055 1044 1103 VALE.

847 1284 1048 1330 XXXII
1057 1284 1093 1334 Ι.

557 1424 752 1473 samem
790 1426 993 1473 chrmo
1029 1443 1114 1473 svo
1150 1442 1368 1474 SALVTEM

169 1551 191 1598 1
304 1554 570 1602 Desideras
602 1554 680 1602 his
709 1572 909 1619 quoque
935 1556 1161 1619 epistulis
1194 1560 1324 1603 sicut
1355 1555 1598 1619 prioribus
1629 1554 1715 1602 ad-

218 1645 363 1690 scribi
396 1644 585 1708 aliquas
619 1660 766 1691 voces
802 1651 1083 1692 nostrorum
1121 1661 1394 1708 procerum.
1470 1645 1584 1690 Non
1608 1643 1715 1691 fue-

216 1737 336 1778 runt
365 1735 494 1779 circa
517 1731 744 1778 flosculos
770 1736 1030 1795 occupati3
1067 1739 1203 1780 totus
1228 1739 1494 1780 contextus
1518 1732 1716 1778 illorum

217 1819 369 1866 virilis
426 1826 517 1867 est.
615 1819 1036 1883 Inaequalitatem
1093 1825 1216 1868 scias
1275 1838 1400 1879 esse,
1446 1821 1532 1867 ubi
1588 1815 1742 1883 quae¹

217 1910 460 1965 eminent,
495 1907 736 1954 notabilia
770 1914 901 1955 sunt.
992 1908 1105 1954 Non
1148 1914 1226 1956 est
1260 1908 1576 1955 admirationi
1617 1924 1718 1954 una
1729 1917 1742 1966 'f

217 1996 376 2053 arbor,
422 1995 509 2042 ubi
555 1999 609 2042 in
657 1996 871 2043 eandem
917 1996 1241 2044 altitudinem
1288 2003 1396 2043 tota
1443 1996 1565 2043 silva
1612 1975 1742 2042 sur-¹

168 2068 196 2114 2
216 2086 359 2130 rexit.
411 2083 668 2130 Eiusmodi
689 2084 890 2130 vocibus
909 2084 1095 2131 referta
1114 2090 1232 2131 sunt
1251 2088 1483 2142 carmina,
1498 2083 1715 2131 refertae
1738 2138 1740 2143 ,

216 2169 464 2217 historiae.
542 2171 719 2234 Itaque
755 2172 871 2218 nolo
907 2172 1016 2218 illas
1052 2173 1256 2235 Epicuri
1292 2175 1546 2219 existimes
1576 2187 1714 2228 esse;
1736 2197 1742 2239 g

216 2258 446 2321 publicae
471 2265 588 2305 sunt
613 2265 666 2305 et
684 2263 899 2307 maxime
923 2266 1137 2307 nostrae.
1210 2259 1311 2307 Sed
1334 2264 1386 2307 in
1404 2260 1422 2290 2
1446 2260 1532 2306 illo
1556 2262 1714 2322 magis
1735 2309 1737 2313 ,

599 2366 615 2392 ¹
643 2367 754 2408 veris
773 2367 1017 2416 Erasmus;
1045 2367 1182 2409 verbis
1201 2367 1331 2410 MSS.

664 2421 682 2445 ⁸²·
708 2421 757 2461 in
775 2421 924 2462 added
943 2422 1006 2474 by
1026 2421 1256 2464 Erasmus.

549 2556 570 2575 ‘²
597 2549 686 2596 cle„
709 2547 831 2590 Stoic
850 2562 900 2590 as
921 2549 1019 2590 well
1037 2562 1087 2590 as
1108 2549 1371 2602 Epicurean.

218 2618 315 2660 232
