<?xml version="1.0" encoding="UTF-8"?>
<!DOCTYPE html PUBLIC "-//W3C//DTD XHTML 1.0 Transitional//EN"
    "http://www.w3.org/TR/xhtml1/DTD/xhtml1-transitional.dtd">
<html xmlns="http://www.w3.org/1999/xhtml" xml:lang="en" lang="en">
 <head>
  <title>
</title>
<meta http-equiv="Content-Type" content="text/html;charset=utf-8" />
  <meta name='ocr-system' content='tesseract 3.04.00' />
  <meta name='ocr-capabilities' content='ocr_page ocr_carea ocr_par ocr_line ocrx_word'/>
</head>
<body>
  <div class='ocr_page' id='page_1' title='image "adluciliumepistu01seneuoft_0084.png"; bbox 0 0 1742 2872; ppageno 0'>
   <div class='ocr_carea' id='block_1_1' title="bbox 451 156 1381 208">
    <p class='ocr_par' dir='ltr' id='par_1_1' title="bbox 451 156 1381 208">
     <span class='ocr_line' id='line_1_1' title="bbox 451 156 1381 208; baseline 0.005 -6"><span class='ocrx_word' id='word_1_1' title='bbox 451 156 598 203; x_wconf 91' lang='lat' dir='ltr'>THE</span> <span class='ocrx_word' id='word_1_2' title='bbox 633 158 952 207; x_wconf 90' lang='lat' dir='ltr'>EPISTLES</span> <span class='ocrx_word' id='word_1_3' title='bbox 990 159 1079 206; x_wconf 93' lang='lat' dir='ltr'>OF</span> <span class='ocrx_word' id='word_1_4' title='bbox 1115 158 1381 208; x_wconf 91' lang='lat' dir='ltr'><strong>SENECA</strong></span> 
     </span>
    </p>
   </div>
   <div class='ocr_carea' id='block_1_2' title="bbox 506 494 1308 544">
    <p class='ocr_par' dir='ltr' id='par_1_2' title="bbox 506 494 1308 544">
     <span class='ocr_line' id='line_1_2' title="bbox 506 494 1308 544; baseline 0.004 -3"><span class='ocrx_word' id='word_1_5' title='bbox 506 494 698 542; x_wconf 84' lang='lat' dir='ltr'><strong>SENECA</strong></span> <span class='ocrx_word' id='word_1_6' title='bbox 738 496 938 543; x_wconf 75' lang='lat' dir='ltr'>LVCImo</span> <span class='ocrx_word' id='word_1_7' title='bbox 974 513 1057 543; x_wconf 88' lang='lat' dir='ltr'>SVO</span> <span class='ocrx_word' id='word_1_8' title='bbox 1094 513 1308 544; x_wconf 83' lang='lat' dir='ltr'><strong>SALVTEM</strong></span> 
     </span>
    </p>
   </div>
   <div class='ocr_carea' id='block_1_3' title="bbox 116 611 1729 2468">
    <p class='ocr_par' dir='ltr' id='par_1_3' title="bbox 122 611 1729 1423">
     <span class='ocr_line' id='line_1_3' title="bbox 122 611 1729 681; baseline 0.003 -16"><span class='ocrx_word' id='word_1_9' title='bbox 122 617 142 663; x_wconf 92' lang='grc'><strong>1</strong></span> <span class='ocrx_word' id='word_1_10' title='bbox 251 621 472 668; x_wconf 81' lang='lat' dir='ltr'><strong>Locutus</strong></span> <span class='ocrx_word' id='word_1_11' title='bbox 506 628 583 668; x_wconf 92' lang='lat' dir='ltr'>est</span> <span class='ocrx_word' id='word_1_12' title='bbox 614 638 812 668; x_wconf 91' lang='lat' dir='ltr'>mecum</span> <span class='ocrx_word' id='word_1_13' title='bbox 844 627 1030 669; x_wconf 91' lang='lat' dir='ltr'>amicus</span> <span class='ocrx_word' id='word_1_14' title='bbox 1063 629 1179 669; x_wconf 90' lang='lat' dir='ltr'>tuus</span> <span class='ocrx_word' id='word_1_15' title='bbox 1203 624 1364 670; x_wconf 89' lang='lat' dir='ltr'>bonae</span> <span class='ocrx_word' id='word_1_16' title='bbox 1388 624 1584 681; x_wconf 90' lang='lat' dir='ltr'>indolis,</span> <span class='ocrx_word' id='word_1_17' title='bbox 1609 627 1662 670; x_wconf 92' lang='lat' dir='ltr'>in</span> <span class='ocrx_word' id='word_1_18' title='bbox 1710 611 1729 654; x_wconf 60' lang='grc' dir='ltr'><strong>Ϊ</strong></span> 
     </span>
     <span class='ocr_line' id='line_1_4' title="bbox 169 699 1659 760; baseline 0.002 -20"><span class='ocrx_word' id='word_1_19' title='bbox 169 711 268 757; x_wconf 93' lang='lat' dir='ltr'>quo</span> <span class='ocrx_word' id='word_1_20' title='bbox 293 701 538 757; x_wconf 88' lang='lat' dir='ltr'>quantum</span> <span class='ocrx_word' id='word_1_21' title='bbox 563 702 696 742; x_wconf 90' lang='lat' dir='ltr'>esset</span> <span class='ocrx_word' id='word_1_22' title='bbox 720 699 890 754; x_wconf 89' lang='lat' dir='ltr'>animi,</span> <span class='ocrx_word' id='word_1_23' title='bbox 914 703 1157 759; x_wconf 90' lang='lat' dir='ltr'>quantum</span> <span class='ocrx_word' id='word_1_24' title='bbox 1182 700 1390 759; x_wconf 85' lang='lat' dir='ltr'>ingenii,</span> <span class='ocrx_word' id='word_1_25' title='bbox 1417 704 1659 760; x_wconf 90' lang='lat' dir='ltr'>quantum</span> 
     </span>
     <span class='ocr_line' id='line_1_5' title="bbox 167 769 1704 832; baseline 0.003 -19"><span class='ocrx_word' id='word_1_26' title='bbox 167 771 265 814; x_wconf 89' lang='lat' dir='ltr'>iam</span> <span class='ocrx_word' id='word_1_27' title='bbox 292 772 445 814; x_wconf 90' lang='lat' dir='ltr'>etiam</span> <span class='ocrx_word' id='word_1_28' title='bbox 478 769 750 831; x_wconf 86' lang='lat' dir='ltr'>profectus,</span> <span class='ocrx_word' id='word_1_29' title='bbox 776 786 937 817; x_wconf 89' lang='lat' dir='ltr'>sermo</span> <span class='ocrx_word' id='word_1_30' title='bbox 969 774 1156 832; x_wconf 90' lang='lat' dir='ltr'>primus</span> <span class='ocrx_word' id='word_1_31' title='bbox 1192 771 1429 818; x_wconf 81' lang='lat' dir='ltr'><strong>ostendit.</strong></span> <span class='ocrx_word' id='word_1_32' title='bbox 1503 771 1662 818; x_wconf 90' lang='lat' dir='ltr'>Dedit</span> <span class='ocrx_word' id='word_1_33' title='bbox 1702 823 1704 826; x_wconf 12' lang='lat' dir='ltr'>y</span> 
     </span>
     <span class='ocr_line' id='line_1_6' title="bbox 166 843 1660 906; baseline 0.003 -19"><span class='ocrx_word' id='word_1_34' title='bbox 166 843 310 888; x_wconf 91' lang='lat' dir='ltr'>nobis</span> <span class='ocrx_word' id='word_1_35' title='bbox 342 848 562 905; x_wconf 88' lang='lat' dir='ltr'>gustum,</span> <span class='ocrx_word' id='word_1_36' title='bbox 594 843 656 889; x_wconf 93' lang='lat' dir='ltr'>ad</span> <span class='ocrx_word' id='word_1_37' title='bbox 691 860 841 906; x_wconf 92' lang='lat' dir='ltr'>quem</span> <span class='ocrx_word' id='word_1_38' title='bbox 873 844 1211 906; x_wconf 81' lang='lat' dir='ltr'>respondebit.</span> <span class='ocrx_word' id='word_1_39' title='bbox 1286 845 1400 890; x_wconf 92' lang='lat' dir='ltr'>Non</span> <span class='ocrx_word' id='word_1_40' title='bbox 1433 848 1568 891; x_wconf 90' lang='lat' dir='ltr'>enim</span> <span class='ocrx_word' id='word_1_41' title='bbox 1600 860 1660 891; x_wconf 87' lang='lat' dir='ltr'>ex</span> 
     </span>
     <span class='ocr_line' id='line_1_7' title="bbox 167 915 1659 980; baseline 0.002 -19"><span class='ocrx_word' id='word_1_42' title='bbox 167 922 462 978; x_wconf 88' lang='lat' dir='ltr'>praeparato</span> <span class='ocrx_word' id='word_1_43' title='bbox 486 915 682 963; x_wconf 90' lang='lat' dir='ltr'>locutus</span> <span class='ocrx_word' id='word_1_44' title='bbox 708 923 801 975; x_wconf 89' lang='lat' dir='ltr'>est,</span> <span class='ocrx_word' id='word_1_45' title='bbox 826 917 916 963; x_wconf 92' lang='lat' dir='ltr'>sed</span> <span class='ocrx_word' id='word_1_46' title='bbox 941 918 1105 964; x_wconf 88' lang='lat' dir='ltr'>subito</span> <span class='ocrx_word' id='word_1_47' title='bbox 1129 918 1485 980; x_wconf 85' lang='lat' dir='ltr'>deprehensus.</span> <span class='ocrx_word' id='word_1_48' title='bbox 1561 918 1659 964; x_wconf 87' lang='lat' dir='ltr'>Ubi</span> 
     </span>
     <span class='ocr_line' id='line_1_8' title="bbox 169 989 1690 1052; baseline 0.002 -17"><span class='ocrx_word' id='word_1_49' title='bbox 169 1006 222 1036; x_wconf 89' lang='lat' dir='ltr'>se</span> <span class='ocrx_word' id='word_1_50' title='bbox 265 989 552 1052; x_wconf 80' lang='lat' dir='ltr'>colligebat,</span> <span class='ocrx_word' id='word_1_51' title='bbox 596 991 964 1048; x_wconf 88' lang='lat' dir='ltr'>verecundiam,</span> <span class='ocrx_word' id='word_1_52' title='bbox 1006 992 1194 1038; x_wconf 91' lang='lat' dir='ltr'>bonum</span> <span class='ocrx_word' id='word_1_53' title='bbox 1235 995 1288 1038; x_wconf 94' lang='lat' dir='ltr'>in</span> <span class='ocrx_word' id='word_1_54' title='bbox 1334 991 1690 1038; x_wconf 70' lang='lat' dir='ltr'>adulescente&#39;</span> 
     </span>
     <span class='ocr_line' id='line_1_9' title="bbox 169 1065 1660 1126; baseline 0.002 -17"><span class='ocrx_word' id='word_1_55' title='bbox 169 1066 384 1125; x_wconf 83' lang='lat' dir='ltr'>signum,</span> <span class='ocrx_word' id='word_1_56' title='bbox 406 1067 485 1110; x_wconf 91' lang='lat' dir='ltr'>vix</span> <span class='ocrx_word' id='word_1_57' title='bbox 511 1068 678 1126; x_wconf 92' lang='lat' dir='ltr'>potuit</span> <span class='ocrx_word' id='word_1_58' title='bbox 697 1071 932 1111; x_wconf 85' lang='lat' dir='ltr'>excutere</span> <span class='ocrx_word' id='word_1_59' title='bbox 955 1081 966 1120; x_wconf 92' lang='lat'>;</span> <span class='ocrx_word' id='word_1_60' title='bbox 1002 1065 1127 1111; x_wconf 88' lang='lat' dir='ltr'>adeo</span> <span class='ocrx_word' id='word_1_61' title='bbox 1146 1065 1218 1111; x_wconf 91' lang='lat' dir='ltr'>illi</span> <span class='ocrx_word' id='word_1_62' title='bbox 1244 1082 1306 1112; x_wconf 91' lang='lat' dir='ltr'>ex</span> <span class='ocrx_word' id='word_1_63' title='bbox 1329 1066 1432 1111; x_wconf 89' lang='lat' dir='ltr'>alto</span> <span class='ocrx_word' id='word_1_64' title='bbox 1451 1065 1660 1112; x_wconf 87' lang='lat' dir='ltr'>suffusus</span> 
     </span>
     <span class='ocr_line' id='line_1_10' title="bbox 170 1138 1661 1201; baseline 0.001 -17"><span class='ocrx_word' id='word_1_65' title='bbox 170 1143 248 1184; x_wconf 88' lang='lat' dir='ltr'>est</span> <span class='ocrx_word' id='word_1_66' title='bbox 271 1138 433 1183; x_wconf 88' lang='lat' dir='ltr'>rubor.</span> <span class='ocrx_word' id='word_1_67' title='bbox 508 1138 609 1183; x_wconf 90' lang='lat' dir='ltr'>Hic</span> <span class='ocrx_word' id='word_1_68' title='bbox 634 1138 793 1196; x_wconf 90' lang='lat' dir='ltr'>illum,</span> <span class='ocrx_word' id='word_1_69' title='bbox 818 1146 1060 1201; x_wconf 85' lang='lat' dir='ltr'>quantum</span> <span class='ocrx_word' id='word_1_70' title='bbox 1096 1142 1331 1201; x_wconf 89' lang='lat' dir='ltr'>suspicor,</span> <span class='ocrx_word' id='word_1_71' title='bbox 1358 1143 1510 1186; x_wconf 87' lang='lat' dir='ltr'>etiam</span> <span class='ocrx_word' id='word_1_72' title='bbox 1547 1156 1661 1185; x_wconf 89' lang='lat' dir='ltr'>cum</span> 
     </span>
     <span class='ocr_line' id='line_1_11' title="bbox 170 1210 1694 1275; baseline 0.001 -18"><span class='ocrx_word' id='word_1_73' title='bbox 170 1226 223 1257; x_wconf 89' lang='lat' dir='ltr'>se</span> <span class='ocrx_word' id='word_1_74' title='bbox 255 1210 620 1258; x_wconf 88' lang='lat' dir='ltr'>confirmaverit</span> <span class='ocrx_word' id='word_1_75' title='bbox 653 1218 706 1258; x_wconf 89' lang='lat' dir='ltr'>et</span> <span class='ocrx_word' id='word_1_76' title='bbox 730 1213 959 1258; x_wconf 91' lang='lat' dir='ltr'>omnibus</span> <span class='ocrx_word' id='word_1_77' title='bbox 985 1215 1118 1259; x_wconf 91' lang='lat' dir='ltr'>vitiis</span> <span class='ocrx_word' id='word_1_78' title='bbox 1143 1216 1355 1270; x_wconf 86' lang='lat' dir='ltr'>exuerit,</span> <span class='ocrx_word' id='word_1_79' title='bbox 1380 1216 1661 1275; x_wconf 88' lang='lat' dir='ltr'>sapientem</span> <span class='ocrx_word' id='word_1_80' title='bbox 1692 1248 1694 1250; x_wconf 77' lang='lat'><em>-</em></span> 
     </span>
     <span class='ocr_line' id='line_1_12' title="bbox 169 1286 1662 1348; baseline 0.001 -18"><span class='ocrx_word' id='word_1_81' title='bbox 169 1301 367 1347; x_wconf 92' lang='lat' dir='ltr'>quoque</span> <span class='ocrx_word' id='word_1_82' title='bbox 416 1292 667 1347; x_wconf 88' lang='lat' dir='ltr'>sequetur.</span> <span class='ocrx_word' id='word_1_83' title='bbox 750 1286 897 1331; x_wconf 89' lang='lat' dir='ltr'>Nulla</span> <span class='ocrx_word' id='word_1_84' title='bbox 946 1289 1080 1332; x_wconf 88' lang='lat' dir='ltr'>enim</span> <span class='ocrx_word' id='word_1_85' title='bbox 1127 1290 1373 1348; x_wconf 79' lang='lat' dir='ltr'>sapientia</span> <span class='ocrx_word' id='word_1_86' title='bbox 1418 1286 1662 1332; x_wconf 86' lang='lat' dir='ltr'>naturalia</span> 
     </span>
     <span class='ocr_line' id='line_1_13' title="bbox 170 1358 1659 1423; baseline 0.001 -20"><span class='ocrx_word' id='word_1_87' title='bbox 170 1358 418 1420; x_wconf 89' lang='lat' dir='ltr'>corporis1</span> <span class='ocrx_word' id='word_1_88' title='bbox 456 1362 576 1405; x_wconf 89' lang='lat' dir='ltr'>vitia</span> <span class='ocrx_word' id='word_1_89' title='bbox 611 1366 879 1421; x_wconf 86' lang='lat' dir='ltr'>ponuntur.</span> <span class='ocrx_word' id='word_1_90' title='bbox 953 1359 1206 1423; x_wconf 83' lang='lat' dir='ltr'>Quicquid</span> <span class='ocrx_word' id='word_1_91' title='bbox 1243 1360 1448 1406; x_wconf 89' lang='lat' dir='ltr'>infixum</span> <span class='ocrx_word' id='word_1_92' title='bbox 1486 1365 1540 1406; x_wconf 92' lang='lat' dir='ltr'>et</span> <span class='ocrx_word' id='word_1_93' title='bbox 1585 1363 1659 1405; x_wconf 92' lang='lat' dir='ltr'>in-</span> 
     </span>
    </p>

    <p class='ocr_par' dir='ltr' id='par_1_4' title="bbox 121 1432 1705 1923">
     <span class='ocr_line' id='line_1_14' title="bbox 121 1432 1660 1494; baseline 0 -15"><span class='ocrx_word' id='word_1_94' title='bbox 121 1433 149 1479; x_wconf 87' lang='lat'><strong>2</strong></span> <span class='ocrx_word' id='word_1_95' title='bbox 169 1435 401 1494; x_wconf 86' lang='lat' dir='ltr'>genitum</span> <span class='ocrx_word' id='word_1_96' title='bbox 434 1439 527 1490; x_wconf 88' lang='lat' dir='ltr'>est,</span> <span class='ocrx_word' id='word_1_97' title='bbox 552 1432 741 1479; x_wconf 87' lang='lat' dir='ltr'>lenitur</span> <span class='ocrx_word' id='word_1_98' title='bbox 771 1439 896 1491; x_wconf 84' lang='lat' dir='ltr'>arte,</span> <span class='ocrx_word' id='word_1_99' title='bbox 920 1450 1022 1480; x_wconf 91' lang='lat' dir='ltr'>non</span> <span class='ocrx_word' id='word_1_100' title='bbox 1047 1437 1273 1480; x_wconf 86' lang='lat' dir='ltr'>vincitur.</span> <span class='ocrx_word' id='word_1_101' title='bbox 1347 1432 1660 1490; x_wconf 83' lang='lat' dir='ltr'>Quibusdam</span> 
     </span>
     <span class='ocr_line' id='line_1_15' title="bbox 169 1506 1661 1570; baseline 0.001 -19"><span class='ocrx_word' id='word_1_102' title='bbox 169 1509 322 1552; x_wconf 90' lang='lat' dir='ltr'>etiam</span> <span class='ocrx_word' id='word_1_103' title='bbox 376 1510 788 1553; x_wconf 88' lang='lat' dir='ltr'>constantissimis</span> <span class='ocrx_word' id='word_1_104' title='bbox 840 1511 892 1553; x_wconf 91' lang='lat' dir='ltr'>in</span> <span class='ocrx_word' id='word_1_105' title='bbox 951 1513 1222 1570; x_wconf 91' lang='lat' dir='ltr'>conspectu</span> <span class='ocrx_word' id='word_1_106' title='bbox 1282 1507 1454 1570; x_wconf 90' lang='lat' dir='ltr'>populi</span> <span class='ocrx_word' id='word_1_107' title='bbox 1512 1506 1661 1553; x_wconf 89' lang='lat' dir='ltr'>sudor</span> 
     </span>
     <span class='ocr_line' id='line_1_16' title="bbox 169 1580 1705 1646; baseline 0.001 -21"><span class='ocrx_word' id='word_1_108' title='bbox 169 1583 404 1642; x_wconf 83' lang='lat' dir='ltr'>erumpit,</span> <span class='ocrx_word' id='word_1_109' title='bbox 440 1596 539 1626; x_wconf 90' lang='lat' dir='ltr'>non</span> <span class='ocrx_word' id='word_1_110' title='bbox 581 1580 729 1627; x_wconf 86' lang='lat' dir='ltr'>aliter</span> <span class='ocrx_word' id='word_1_111' title='bbox 769 1597 917 1644; x_wconf 88' lang='lat' dir='ltr'>quam</span> <span class='ocrx_word' id='word_1_112' title='bbox 961 1581 1183 1644; x_wconf 87' lang='lat' dir='ltr'>fatigatis</span> <span class='ocrx_word' id='word_1_113' title='bbox 1222 1588 1275 1628; x_wconf 92' lang='lat' dir='ltr'>et</span> <span class='ocrx_word' id='word_1_114' title='bbox 1315 1581 1660 1628; x_wconf 82' lang='lat' dir='ltr'>aestuantibus</span> <span class='ocrx_word' id='word_1_115' title='bbox 1701 1622 1705 1646; x_wconf 26' lang='grc' dir='ltr'>ξ</span> 
     </span>
     <span class='ocr_line' id='line_1_17' title="bbox 168 1651 1703 1718; baseline 0.001 -19"><span class='ocrx_word' id='word_1_116' title='bbox 168 1654 313 1711; x_wconf 89' lang='lat' dir='ltr'>solet,</span> <span class='ocrx_word' id='word_1_117' title='bbox 339 1654 635 1716; x_wconf 89' lang='lat' dir='ltr'>quibusdam</span> <span class='ocrx_word' id='word_1_118' title='bbox 661 1661 886 1701; x_wconf 87' lang='lat' dir='ltr'>tremunt</span> <span class='ocrx_word' id='word_1_119' title='bbox 911 1671 1078 1717; x_wconf 86' lang='lat' dir='ltr'>genua</span> <span class='ocrx_word' id='word_1_120' title='bbox 1101 1655 1324 1713; x_wconf 89' lang='lat' dir='ltr'>dicturis,</span> <span class='ocrx_word' id='word_1_121' title='bbox 1348 1653 1660 1718; x_wconf 89' lang='lat' dir='ltr'>quorundam</span> <span class='ocrx_word' id='word_1_122' title='bbox 1702 1651 1703 1654; x_wconf 30' lang='lat'>¹</span> 
     </span>
     <span class='ocr_line' id='line_1_18' title="bbox 167 1727 1655 1791; baseline -0.001 -17"><span class='ocrx_word' id='word_1_123' title='bbox 167 1727 349 1774; x_wconf 90' lang='lat' dir='ltr'>dentes</span> <span class='ocrx_word' id='word_1_124' title='bbox 385 1728 708 1786; x_wconf 83' lang='lat' dir='ltr'>colliduntur,</span> <span class='ocrx_word' id='word_1_125' title='bbox 732 1728 904 1791; x_wconf 88' lang='lat' dir='ltr'>lingua</span> <span class='ocrx_word' id='word_1_126' title='bbox 940 1729 1144 1785; x_wconf 90' lang='lat' dir='ltr'>titubat,</span> <span class='ocrx_word' id='word_1_127' title='bbox 1170 1728 1306 1775; x_wconf 90' lang='lat' dir='ltr'>labra</span> <span class='ocrx_word' id='word_1_128' title='bbox 1341 1734 1655 1775; x_wconf 89' lang='lat' dir='ltr'>concurrunt.</span> 
     </span>
     <span class='ocr_line' id='line_1_19' title="bbox 170 1800 1658 1865; baseline 0.001 -18"><span class='ocrx_word' id='word_1_129' title='bbox 170 1801 313 1847; x_wconf 91' lang='lat' dir='ltr'>Haec</span> <span class='ocrx_word' id='word_1_130' title='bbox 349 1818 444 1848; x_wconf 89' lang='lat' dir='ltr'>nec</span> <span class='ocrx_word' id='word_1_131' title='bbox 480 1801 741 1864; x_wconf 88' lang='lat' dir='ltr'>disciplina</span> <span class='ocrx_word' id='word_1_132' title='bbox 775 1818 870 1849; x_wconf 91' lang='lat' dir='ltr'>nec</span> <span class='ocrx_word' id='word_1_133' title='bbox 905 1819 1021 1849; x_wconf 93' lang='lat' dir='ltr'>usus</span> <span class='ocrx_word' id='word_1_134' title='bbox 1057 1819 1294 1865; x_wconf 88' lang='lat' dir='ltr'>umquam</span> <span class='ocrx_word' id='word_1_135' title='bbox 1329 1805 1538 1859; x_wconf 82' lang='lat' dir='ltr'>excutit,</span> <span class='ocrx_word' id='word_1_136' title='bbox 1571 1800 1658 1848; x_wconf 89' lang='lat' dir='ltr'>sed</span> 
     </span>
     <span class='ocr_line' id='line_1_20' title="bbox 167 1876 1658 1923; baseline 0.001 -3"><span class='ocrx_word' id='word_1_137' title='bbox 167 1882 346 1921; x_wconf 90' lang='lat' dir='ltr'>natura</span> <span class='ocrx_word' id='word_1_138' title='bbox 374 1879 474 1921; x_wconf 91' lang='lat' dir='ltr'>vim</span> <span class='ocrx_word' id='word_1_139' title='bbox 508 1892 646 1921; x_wconf 90' lang='lat' dir='ltr'>suam</span> <span class='ocrx_word' id='word_1_140' title='bbox 672 1883 875 1923; x_wconf 86' lang='lat' dir='ltr'>exercet</span> <span class='ocrx_word' id='word_1_141' title='bbox 907 1882 959 1923; x_wconf 93' lang='lat' dir='ltr'>et</span> <span class='ocrx_word' id='word_1_142' title='bbox 984 1876 1105 1922; x_wconf 83' lang='lat' dir='ltr'>illo2</span> <span class='ocrx_word' id='word_1_143' title='bbox 1137 1879 1259 1922; x_wconf 92' lang='lat' dir='ltr'>vitio</span> <span class='ocrx_word' id='word_1_144' title='bbox 1292 1879 1367 1922; x_wconf 91' lang='lat' dir='ltr'>sui</span> <span class='ocrx_word' id='word_1_145' title='bbox 1401 1879 1554 1923; x_wconf 86' lang='lat' dir='ltr'>etiam</span> <span class='ocrx_word' id='word_1_146' title='bbox 1583 1892 1658 1921; x_wconf 91' lang='lat' dir='ltr'>ro-</span> 
     </span>
    </p>

    <p class='ocr_par' dir='ltr' id='par_1_5' title="bbox 116 1948 1701 2380">
     <span class='ocr_line' id='line_1_21' title="bbox 116 1948 1658 1996; baseline -0.001 -1"><span class='ocrx_word' id='word_1_147' title='bbox 116 1948 145 1995; x_wconf 88' lang='lat'><strong>3</strong></span> <span class='ocrx_word' id='word_1_148' title='bbox 167 1949 475 1995; x_wconf 91' lang='lat' dir='ltr'>bustissimos</span> <span class='ocrx_word' id='word_1_149' title='bbox 517 1949 768 1996; x_wconf 86' lang='lat' dir='ltr'>admonet.</span> <span class='ocrx_word' id='word_1_150' title='bbox 846 1949 987 1996; x_wconf 89' lang='lat' dir='ltr'>Inter</span> <span class='ocrx_word' id='word_1_151' title='bbox 1027 1949 1151 1996; x_wconf 90' lang='lat' dir='ltr'>haec</span> <span class='ocrx_word' id='word_1_152' title='bbox 1194 1966 1302 1996; x_wconf 90' lang='lat' dir='ltr'>esse</span> <span class='ocrx_word' id='word_1_153' title='bbox 1339 1955 1392 1996; x_wconf 91' lang='lat' dir='ltr'>et</span> <span class='ocrx_word' id='word_1_154' title='bbox 1428 1950 1658 1995; x_wconf 87' lang='lat' dir='ltr'>ruborem</span> 
     </span>
     <span class='ocr_line' id='line_1_22' title="bbox 166 2022 1654 2086; baseline 0.001 -18"><span class='ocrx_word' id='word_1_155' title='bbox 166 2026 284 2080; x_wconf 90' lang='lat' dir='ltr'>scio,</span> <span class='ocrx_word' id='word_1_156' title='bbox 309 2026 394 2085; x_wconf 93' lang='lat' dir='ltr'>qui</span> <span class='ocrx_word' id='word_1_157' title='bbox 419 2026 717 2084; x_wconf 86' lang='lat' dir='ltr'>gravissimis</span> <span class='ocrx_word' id='word_1_158' title='bbox 747 2039 945 2086; x_wconf 92' lang='lat' dir='ltr'>quoque</span> <span class='ocrx_word' id='word_1_159' title='bbox 977 2027 1092 2070; x_wconf 88' lang='lat' dir='ltr'>viris</span> <span class='ocrx_word' id='word_1_160' title='bbox 1125 2024 1317 2070; x_wconf 90' lang='lat' dir='ltr'>subitus</span> <span class='ocrx_word' id='word_1_161' title='bbox 1348 2022 1654 2070; x_wconf 80' lang='lat' dir='ltr'>adfunditur.</span> 
     </span>
     <span class='ocr_line' id='line_1_23' title="bbox 170 2096 1658 2159; baseline 0 -17"><span class='ocrx_word' id='word_1_162' title='bbox 170 2097 332 2158; x_wconf 87' lang='lat' dir='ltr'>Magis</span> <span class='ocrx_word' id='word_1_163' title='bbox 365 2096 569 2159; x_wconf 91' lang='lat' dir='ltr'>quidem</span> <span class='ocrx_word' id='word_1_164' title='bbox 601 2100 654 2142; x_wconf 92' lang='lat' dir='ltr'>in</span> <span class='ocrx_word' id='word_1_165' title='bbox 685 2098 949 2143; x_wconf 88' lang='lat' dir='ltr'>iuvenibus</span> <span class='ocrx_word' id='word_1_166' title='bbox 983 2104 1209 2159; x_wconf 88' lang='lat' dir='ltr'>apparet,</span> <span class='ocrx_word' id='word_1_167' title='bbox 1242 2097 1421 2159; x_wconf 88' lang='lat' dir='ltr'>quibus</span> <span class='ocrx_word' id='word_1_168' title='bbox 1458 2103 1510 2143; x_wconf 91' lang='lat' dir='ltr'>et</span> <span class='ocrx_word' id='word_1_169' title='bbox 1546 2096 1658 2158; x_wconf 90' lang='lat' dir='ltr'>plus</span> 
     </span>
     <span class='ocr_line' id='line_1_24' title="bbox 167 2162 1701 2226; baseline -0.001 -10"><span class='ocrx_word' id='word_1_170' title='bbox 167 2170 340 2216; x_wconf 86' lang='lat' dir='ltr'>caloris</span> <span class='ocrx_word' id='word_1_171' title='bbox 374 2177 451 2216; x_wconf 93' lang='lat' dir='ltr'>est</span> <span class='ocrx_word' id='word_1_172' title='bbox 483 2176 536 2216; x_wconf 91' lang='lat' dir='ltr'>et</span> <span class='ocrx_word' id='word_1_173' title='bbox 567 2177 744 2217; x_wconf 89' lang='lat' dir='ltr'>tenera</span> <span class='ocrx_word' id='word_1_174' title='bbox 767 2170 932 2226; x_wconf 85' lang='lat' dir='ltr'>frons3</span> <span class='ocrx_word' id='word_1_175' title='bbox 968 2171 1292 2216; x_wconf 90' lang='lat' dir='ltr'>nihilominus</span> <span class='ocrx_word' id='word_1_176' title='bbox 1318 2177 1372 2217; x_wconf 93' lang='lat' dir='ltr'>et</span> <span class='ocrx_word' id='word_1_177' title='bbox 1396 2176 1657 2216; x_wconf 89' lang='lat' dir='ltr'>veteranos</span> <span class='ocrx_word' id='word_1_178' title='bbox 1696 2162 1701 2169; x_wconf 71' lang='grc'><em>’</em></span> 
     </span>
     <span class='ocr_line' id='line_1_25' title="bbox 166 2243 1656 2307; baseline -0.001 -17"><span class='ocrx_word' id='word_1_179' title='bbox 166 2250 221 2290; x_wconf 92' lang='lat' dir='ltr'>et</span> <span class='ocrx_word' id='word_1_180' title='bbox 267 2260 412 2290; x_wconf 85' lang='lat' dir='ltr'>senes</span> <span class='ocrx_word' id='word_1_181' title='bbox 459 2247 636 2306; x_wconf 83' lang='lat' dir='ltr'>tangit.</span> <span class='ocrx_word' id='word_1_182' title='bbox 711 2243 929 2302; x_wconf 81' lang='lat' dir='ltr'>Quidam</span> <span class='ocrx_word' id='word_1_183' title='bbox 977 2261 1250 2307; x_wconf 89' lang='lat' dir='ltr'>numquam</span> <span class='ocrx_word' id='word_1_184' title='bbox 1298 2247 1471 2306; x_wconf 88' lang='lat' dir='ltr'>magis,</span> <span class='ocrx_word' id='word_1_185' title='bbox 1509 2259 1656 2306; x_wconf 89' lang='lat' dir='ltr'>quam</span> 
     </span>
     <span class='ocr_line' id='line_1_26' title="bbox 167 2318 1655 2380; baseline 0 -17"><span class='ocrx_word' id='word_1_186' title='bbox 167 2334 281 2363; x_wconf 90' lang='lat' dir='ltr'>cum</span> <span class='ocrx_word' id='word_1_187' title='bbox 323 2318 631 2375; x_wconf 89' lang='lat' dir='ltr'>erubuerint,</span> <span class='ocrx_word' id='word_1_188' title='bbox 668 2318 882 2364; x_wconf 89' lang='lat' dir='ltr'>timendi</span> <span class='ocrx_word' id='word_1_189' title='bbox 923 2324 1057 2375; x_wconf 87' lang='lat' dir='ltr'>sunt,</span> <span class='ocrx_word' id='word_1_190' title='bbox 1098 2321 1237 2380; x_wconf 85' lang='lat' dir='ltr'>quasi</span> <span class='ocrx_word' id='word_1_191' title='bbox 1275 2334 1477 2364; x_wconf 89' lang='lat' dir='ltr'>omnem</span> <span class='ocrx_word' id='word_1_192' title='bbox 1519 2333 1655 2363; x_wconf 83' lang='lat' dir='ltr'>vere-</span> 
     </span>
    </p>

    <p class='ocr_par' dir='ltr' id='par_1_6' title="bbox 118 2391 1714 2468">
     <span class='ocr_line' id='line_1_27' title="bbox 118 2391 1714 2468; baseline -0.001 -32"><span class='ocrx_word' id='word_1_193' title='bbox 118 2392 147 2436; x_wconf 83' lang='lat'><strong>4</strong></span> <span class='ocrx_word' id='word_1_194' title='bbox 168 2391 401 2437; x_wconf 91' lang='lat' dir='ltr'>cundiam</span> <span class='ocrx_word' id='word_1_195' title='bbox 435 2391 716 2437; x_wconf 87' lang='lat' dir='ltr'>effuderint.</span> <span class='ocrx_word' id='word_1_196' title='bbox 791 2391 928 2437; x_wconf 90' lang='lat' dir='ltr'>Sulla</span> <span class='ocrx_word' id='word_1_197' title='bbox 960 2397 1081 2437; x_wconf 90' lang='lat' dir='ltr'>tunc</span> <span class='ocrx_word' id='word_1_198' title='bbox 1115 2397 1222 2437; x_wconf 89' lang='lat' dir='ltr'>erat</span> <span class='ocrx_word' id='word_1_199' title='bbox 1254 2391 1656 2448; x_wconf 89' lang='lat' dir='ltr'>violentissimus,</span> <span class='ocrx_word' id='word_1_200' title='bbox 1697 2422 1714 2468; x_wconf 25' lang='grc' dir='ltr'>ἲν</span> 
     </span>
    </p>
   </div>
   <div class='ocr_carea' id='block_1_4' title="bbox 350 2476 1475 2603">
    <p class='ocr_par' dir='ltr' id='par_1_7' title="bbox 350 2476 1475 2603">
     <span class='ocr_line' id='line_1_28' title="bbox 350 2476 1475 2589; baseline 0.001 -52"><span class='ocrx_word' id='word_1_201' title='bbox 350 2495 365 2521; x_wconf 82' lang='lat'>¹</span> <span class='ocrx_word' id='word_1_202' title='bbox 393 2502 472 2537; x_wconf 80' lang='lat' dir='ltr'>aut</span> <span class='ocrx_word' id='word_1_203' title='bbox 491 2496 628 2536; x_wconf 69' lang='lat' dir='ltr'>animi</span> <span class='ocrx_word' id='word_1_204' title='bbox 648 2496 765 2536; x_wconf 85' lang='lat' dir='ltr'>after</span> <span class='ocrx_word' id='word_1_205' title='bbox 785 2510 857 2537; x_wconf 74' lang='lat' dir='ltr'>eor</span> <span class='ocrx_word' id='word_1_206' title='bbox 899 2497 979 2536; x_wconf 63' lang='lat' dir='ltr'>»ris</span> <span class='ocrx_word' id='word_1_207' title='bbox 997 2495 1174 2536; x_wconf 90' lang='lat' dir='ltr'>deleted</span> <span class='ocrx_word' id='word_1_208' title='bbox 1188 2495 1256 2589; x_wconf 53' lang='lat' dir='ltr'>ff</span> <span class='ocrx_word' id='word_1_209' title='bbox 1276 2476 1475 2549; x_wconf 88' lang='lat' dir='ltr'>Madvig.</span> 
     </span>
     <span class='ocr_line' id='line_1_29' title="bbox 507 2548 1305 2603; baseline -0.001 -12"><span class='ocrx_word' id='word_1_210' title='bbox 507 2550 525 2575; x_wconf 79' lang='lat'>2</span> <span class='ocrx_word' id='word_1_211' title='bbox 551 2550 627 2591; x_wconf 77' lang='lat' dir='ltr'>illo</span> <span class='ocrx_word' id='word_1_212' title='bbox 649 2549 852 2603; x_wconf 87' lang='lat' dir='ltr'>Schweig</span> <span class='ocrx_word' id='word_1_213' title='bbox 870 2555 1042 2597; x_wconf 71' lang='lat' dir='ltr'>iauser3</span> <span class='ocrx_word' id='word_1_214' title='bbox 1071 2549 1169 2590; x_wconf 70' lang='lat' dir='ltr'>illos</span> <span class='ocrx_word' id='word_1_215' title='bbox 1240 2548 1305 2591; x_wconf 89' lang='lat' dir='ltr'>SS</span> 
     </span>
    </p>
   </div>
   <div class='ocr_carea' id='block_1_5' title="bbox 165 2582 1453 2663">
    <p class='ocr_par' dir='ltr' id='par_1_8' title="bbox 165 2582 1453 2663">
     <span class='ocr_line' id='line_1_30' title="bbox 165 2582 1453 2663; baseline 0 0"><span class='ocrx_word' id='word_1_216' title='bbox 165 2615 230 2663; x_wconf 90' lang='lat'>60</span> <span class='ocrx_word' id='word_1_217' title='bbox 1310 2582 1453 2639; x_wconf 70' lang='lat'>&#39;-</span> 
     </span>
    </p>
   </div>
   <div class='ocr_carea' id='block_1_6' title="bbox 1684 0 1742 2872">
    <p class='ocr_par' dir='ltr' id='par_1_9' title="bbox 1684 0 1742 2872">
     <span class='ocr_line' id='line_1_31' title="bbox 1684 0 1742 2872; baseline 0 0"><span class='ocrx_word' id='word_1_218' title='bbox 1684 0 1742 2872; x_wconf 95' lang='lat' dir='ltr'> </span> 
     </span>
    </p>
   </div>
  </div>
 </body>
</html>
