1742 2872
516 186 663 233 THE
699 186 1018 234 EPISTLES
1057 186 1146 233 OF
1182 184 1448 232 SENECA

176 299 214 345 8
237 295 510 354 Quiritium
541 297 690 344 fidem
726 297 955 358 inplorat.
1030 296 1164 358 Ergo
1200 302 1474 357 utcumque
1510 294 1601 340 tibi
1637 297 1724 339 im-

236 391 383 446 petus
424 389 576 431 animi
618 388 845 442 suaserit,
882 384 1031 431 modo
1069 384 1419 431 vehementius
1454 382 1563 428 fac¹
1613 398 1729 427 con-

235 476 434 530 vicium,
452 473 602 519 modo
627 473 829 530 lentius,
850 478 998 535 prout
1016 488 1109 518 vox
1130 487 1330 534 quoque
1354 477 1408 517 te
1433 470 1730 526 hortabitur,

235 564 288 607 in
324 561 377 607 id
412 561 553 608 latus.
633 561 881 619 Modesta,
907 577 1023 607 cum
1057 563 1269 622 recipies
1298 559 1435 605 illam
1467 561 1730 605 revocaris-

238 665 353 711 que,
378 649 673 706 descendat,
699 666 801 695 non
833 649 1066 704 decidat3
1113 648 1280 694 media
1312 650 1409 693 oris
1439 650 1518 693 via
1549 645 1731 692 abeat2

238 753 332 783 nec
367 736 572 784 indocto
609 744 663 785 et
701 741 888 784 rustico
924 753 1060 782 more
1098 737 1366 783 desaeviat.
1443 735 1556 781 Non
1597 738 1731 780 enim

237 824 287 871 id
313 828 522 887 agimus,
547 833 605 872 ut
630 831 922 872 exerceatur
945 841 1055 882 vox,
1082 824 1170 871 sed
1195 831 1253 871 ut
1278 830 1523 870 exerceat.

187 917 216 963 9
308 913 516 961 Detraxi
541 915 634 960 tibi
665 932 767 960 non
803 914 1040 976 pusillum
1064 916 1286 976 negotii3
1323 930 1422 959 una
1446 911 1733 959 mercedula

238 1008 292 1049 et
317 1019 471 1049 unum
498 1003 747 1049 Graecum
771 1002 835 1048 ad
866 1001 989 1048 haec
1026 1001 1269 1048 beneficia
1304 1000 1525 1047 accedet.
1600 999 1731 1046 Ecce

236 1093 434 1152 insigne
461 1097 816 1153 praeceptum:
855 1095 886 1118 “
906 1089 1074 1136 Stulta
1098 1094 1200 1136 vita
1223 1093 1420 1152 ingrata
1445 1095 1523 1135 est
1547 1094 1600 1135 et
1632 1093 1732 1134 tre-

237 1175 382 1238 pida3
418 1183 526 1223 tota
561 1180 613 1222 in
646 1177 871 1223 futurum
896 1176 1104 1224 fertur.'’
1178 1176 1351 1234 “Quis
1377 1176 1517 1234 hoc,''
1550 1179 1732 1239 inquis,

237 1264 488 1311 “dicit?’'
540 1265 684 1312 Idem
725 1269 810 1328 qui
847 1282 1006 1328 supra.
1080 1265 1245 1324 Quam
1294 1272 1350 1312 tu
1397 1276 1531 1311 nunc
1579 1268 1678 1312 vita
1739 1247 1742 1262 Ι

236 1353 336 1400 dici
362 1357 615 1400 existimas
639 1354 882 1401 stultam?
955 1354 1121 1400 Babae
1147 1360 1200 1400 et
1229 1353 1442 1400 Isionis?
1515 1353 1630 1399 Non
1661 1357 1678 1399 i

237 1447 345 1498 est;
381 1448 551 1488 nostra
575 1441 775 1499 dicitur,
801 1457 925 1504 quos
950 1458 1097 1488 caeca
1122 1441 1369 1504 cupiditas
1401 1445 1454 1487 in
1490 1445 1714 1488 nocitura

235 1536 374 1577 certe
410 1546 685 1592 numquam
721 1533 959 1576 satiatura
994 1532 1305 1592 praecipitat,
1332 1530 1510 1592 quibus
1547 1533 1695 1593 siqui

237 1621 355 1664 satis
392 1634 499 1665 esse
535 1623 721 1680 posset,
758 1617 953 1675 fuisset,
989 1621 1075 1680 qui
1115 1634 1217 1664 non
1253 1622 1547 1681 cogitamus,
1582 1635 1733 1681 quarn

235 1706 510 1752 iucundum
557 1708 622 1752 sit
669 1705 792 1751 nihil
842 1721 1063 1768 poscere,
1106 1722 1255 1769 quam
1301 1706 1620 1769 magnificum
1667 1710 1733 1755 sit

154 1798 213 1844 10
236 1794 443 1856 plenum
463 1809 571 1840 esse
592 1810 685 1840 nec
706 1810 767 1839 ex
788 1793 987 1839 fortuna
1005 1793 1242 1856 pendere.
1300 1793 1524 1842 Subinde
1543 1798 1713 1858 itaque

237 1881 414 1939 Lucili,
447 1897 596 1944 quam
633 1881 792 1928 multa
827 1885 891 1928 sis
927 1887 1224 1928 consecutus
1259 1881 1533 1930 recordare.
1606 1883 1678 1930 Cu

232 1973 500 2032 aspexeris,
526 1977 650 2032 quot
673 1976 727 2017 te
746 1970 1070 2028 antecedant,
1090 1974 1273 2033 cogita,
1292 1977 1416 2034 quot
1441 1977 1688 2034 sequantu

234 2057 286 2104 Si
327 2062 399 2104 vis
434 2064 606 2120 gratus
643 2074 750 2105 esse
787 2058 1022 2105 adversus
1058 2058 1180 2106 deos
1215 2065 1269 2106 et
1303 2059 1538 2106 adversus
1574 2063 1676 2107 vita

231 2153 387 2202 tuam,
425 2149 606 2208 cogita,
642 2162 792 2209 quam
828 2146 1013 2194 multos
1047 2151 1389 2194 antecesseris.
1462 2147 1599 2206 Quid
1635 2152 1675 2194 ti

233 2250 347 2279 cum
371 2235 587 2280 ceteris?
657 2233 730 2279 Te
755 2237 862 2296 ipse
887 2237 1216 2281 antecessisti.

300 2320 314 2344 1
333 2320 414 2373 fac
433 2320 584 2361 vicini-3
604 2319 733 2361 MSS.
758 2337 770 2367 ς
801 2319 958 2360 Hense
977 2320 1222 2361 condemns
1242 2321 1405 2362 vicinis.

299 2373 316 2398 ²
341 2374 484 2415 media
513 2374 601 2414 oris
625 2374 697 2415 via
717 2374 839 2414 abeat
861 2373 1046 2427 Madvig
1064 2374 1155 2415 and
1176 2374 1421 2416 Buecheler
1439 2391 1451 2424 ς
1478 2376 1663 2418 mediato

229 2427 298 2468 sui
316 2427 466 2468 habeat
487 2427 594 2469 L1P.

552 2530 571 2548 α
600 2523 688 2567 i.e.,
711 2522 946 2576 Epicurus,
970 2523 1098 2575 Frag.
1117 2526 1193 2564 491
1218 2523 1407 2567 Usener.

643 2579 658 2603 ὁ
687 2576 824 2619 Court
846 2577 957 2617 fools
977 2578 1029 2617 of
1044 2578 1121 2618 the
1141 2578 1307 2630 period.

233 2648 327 2688 100
