1742 2872
478 157 623 202 THE
660 156 979 204 EPISTLES
1017 155 1106 204 OF
1143 155 1405 204 SENECA

141 304 165 309 ‚e
197 269 315 312 satis
362 269 462 313 cito
515 266 754 328 patienda
806 283 920 313 cum
975 266 1222 323 venerint,
1269 281 1585 329 praesumere
1633 281 1690 311 ac

197 369 431 415 praesens
479 360 678 417 tempus
726 354 882 415 futuri
936 360 1076 401 metu
1123 353 1375 417 perdere?
1444 353 1536 400 Est
1583 357 1690 400 sine

196 440 349 487 dubio
396 442 624 500 stultum,
673 446 788 505 quia
835 442 1136 505 quandoque
1183 446 1248 488 sis
1280 437 1488 488 'futurus
1525 445 1691 500 miser,

198 545 307 576 esse
330 532 429 575 iam
462 533 712 577 miserum.
786 529 888 576 Sed
924 546 1020 592 ego
1052 530 1148 576 alia
1183 536 1238 577 te
1273 530 1336 577 ad
1369 533 1691 577 securitatem

148 619 176 665 2
200 620 276 663 via
322 616 534 664 ducam:
593 621 634 664 si
680 621 752 664 vis
799 635 1000 665 omnem
1055 618 1444 664 sollicitudinem
1492 634 1691 675 exuere,

198 704 436 767 quicquid
469 708 652 752 vereris
687 722 752 753 ne
786 710 1002 764 eveniat,
1039 712 1339 753 eventurum
1371 710 1545 769 utique
1581 722 1691 768 pro-

198 807 347 854 pone,
382 799 436 839 et
477 793 829 857 quodcumque
866 800 944 840 est
978 793 1105 841 illud
1140 793 1344 852 malum,
1379 800 1549 841 tecum
1585 797 1691 856 ipse

196 883 377 927 metire
411 897 470 926 ac
506 885 738 928 timorem
779 887 925 928 tuum
959 888 1105 938 taxa3
1162 882 1432 945 intelleges
1466 881 1692 945 profecto

125 989 128 991 Δ
196 973 284 1013 aut
308 984 410 1014 non
433 985 673 1031 magnum
695 975 785 1016 aut
808 985 910 1015 non
934 969 1141 1032 longum
1175 986 1300 1027 esse,
1325 970 1461 1033 quod
1491 973 1688 1017 metuiS.

147 1057 176 1104 3
198 1055 306 1102 Nec
331 1055 417 1102 diu
437 1057 683 1119 exempla,
702 1058 883 1120 quibus
902 1057 1222 1115 confirmeris,
1243 1057 1527 1121 colligenda
1545 1063 1692 1115 sunt;

193 1147 354 1190 omnis
372 1144 458 1190 illa
480 1151 618 1191 aetas
642 1145 773 1192 tulit.
837 1145 898 1191 In
923 1161 1289 1209 quamcumque
1307 1152 1502 1208 partem
1526 1163 1694 1194 rerum

193 1231 274 1277 vel
293 1232 513 1279 civilium
532 1232 612 1279 vel
638 1240 959 1280 externarum
982 1237 1271 1280 memoriam
1298 1237 1503 1291 miseris,
1522 1250 1691 1281 occur-

192 1325 307 1365 rent
331 1320 425 1366 tibi
448 1323 653 1383 ingenia
676 1327 764 1368 aut
788 1320 1043 1384 profectus
1066 1327 1154 1368 aut
1178 1325 1380 1384 inpetus
1403 1326 1586 1384 magni.
1699 1301 1702 1306 Ι

281 1407 540 1471 Numquid
562 1409 790 1456 accidere
823 1410 935 1468 tibi,
959 1413 1000 1456 si
1025 1409 1292 1467 damnaris,
1318 1416 1489 1473 potest
1520 1409 1690 1457 durius

194 1511 344 1558 quam
368 1502 426 1543 ut
449 1500 664 1544 mittaris
688 1501 742 1544 in
771 1497 993 1556 exilium,
1019 1504 1076 1544 ut
1109 1498 1304 1545 ducaris
1329 1502 1382 1545 in
1406 1514 1655 1545 carcerem

195 1583 456 1647 Numquid
482 1585 611 1632 ultra
635 1589 900 1649 quicquam
932 1586 1023 1632 ulli
1048 1586 1332 1633 timendum
1357 1593 1435 1633 est
1459 1576 1610 1650 quam
1633 1592 1690 1634 ut

194 1677 381 1729 uratur,
417 1689 567 1735 quam
602 1679 660 1720 ut
695 1677 907 1736 pereat?
975 1672 1185 1736 Singula
1219 1678 1315 1720 ista
1334 1678 1601 1721 -constitue
1637 1679 1690 1722 et

193 1766 565 1823 contemptores
613 1778 782 1808 eorum
832 1766 947 1819 cita,
988 1765 1074 1825 qui
1119 1778 1221 1808 non
1269 1762 1559 1826 quaerendi,
1600 1778 1653 1809 se

143 1860 173 1903 4
194 1847 418 1910 eligendi
442 1856 573 1896 sunt.
647 1850 1038 1897 Damnationem
1062 1866 1201 1897 suam
1229 1850 1443 1897 Rutilius
1467 1853 1536 1897 sic
1555 1850 1672 1897 tulit

193 1941 450 1999 tamquam
480 1937 606 1983 nihil
639 1938 714 1984 illi
747 1938 1014 1985 molestum
1039 1937 1174 1984 aliud
1213 1945 1346 1985 esset
1370 1955 1520 2002 quam
1555 1955 1620 2002 qu

193 2023 324 2071 male
364 2024 680 2073 iudicaretur.
767 2026 983 2072 Exilium
1029 2025 1269 2073 Metellus
1309 2026 1508 2073 fortiter
1552 2025 1691 2093 tulit!

196 2111 412 2159 Rutilius
436 2116 589 2159 etiam
614 2114 859 2169 libenter;
895 2114 1039 2172 alter,
1057 2119 1115 2160 ut
1138 2114 1342 2172 rediret,
1360 2117 1434 2160 rei
1459 2113 1686 2176 publicae

193 2204 461 2261 praestitit,
501 2201 630 2248 alter
675 2201 894 2248 reditum
942 2218 1087 2248 suum
1134 2201 1302 2249 Sullae
1344 2205 1566 2264 negavit,
1607 2203 1683 2248 cui

191 2286 318 2334 nihil
342 2294 464 2335 tunc
488 2290 779 2352 negabatur.
854 2289 915 2335 In
940 2306 1136 2336 carcere
1161 2288 1389 2336 Socrates
1413 2289 1661 2352 disputavi

191 2381 245 2421 et
270 2379 422 2435 exire,
448 2393 562 2423 cum
596 2383 766 2423 essent
797 2380 882 2440 qui
918 2381 1275 2439 promitterent
1310 2377 1499 2440 fugam,
1523 2377 1660 2427 nolui
1741 2382 1742 2392 ¹

191 2467 546 2528 remansitque,
565 2471 622 2511 ut
640 2465 850 2511 duarum
871 2480 1034 2511 rerum
1053 2468 1452 2528 gravissimarum
1473 2465 1662 2511 homini

194 2605 289 2655 166
