1742 2872
472 140 617 187 THE
654 139 974 188 EPISTLES
1012 139 1102 187 OF
1137 138 1402 187 SENECA

136 300 160 304 ,ξ
188 253 524 298 adversarium
556 258 664 298 toto
698 251 818 298 tulit
850 267 1054 313 corpore
1089 267 1184 297 nec
1219 253 1431 312 proiecit
1462 252 1683 294 animum
1721 228 1742 286 ἰ

190 333 458 392 proiectus,
477 333 563 393 qui
579 333 812 392 quotiens
830 329 1030 387 cecidit,
1045 331 1384 375 contumacior
1400 330 1683 383 resurrexit,
1740 328 1742 346 ¹

139 410 168 457 3
190 424 304 453 cum
343 423 526 470 magna
575 424 663 470 spe
711 407 977 454 descendit
1017 406 1081 453 ad
1128 422 1362 468 pugnam.
1437 405 1587 467 ErgO,
1628 411 1686 450 ut

191 485 573 532 similitudinem
618 488 767 532 istam
812 500 1098 547 prosequar,
1145 499 1295 544 saepe
1341 485 1441 528 iam
1486 481 1688 528 fortuna

192 579 339 625 supra
373 568 427 609 te
451 562 564 620 fuit,
590 579 685 609 nec
717 569 891 609 tamen
915 561 1167 608 tradidisti
1190 567 1261 617 te,
1287 560 1378 607 sed
1414 559 1687 606 subsiluisti

191 646 246 686 et
280 643 436 686 acrior
461 644 744 687 constitisti.
820 639 1042 686 Multum
1073 642 1209 685 enim
1231 638 1387 684 adicit
1415 638 1509 684 sibi
1535 640 1688 683 virtus

193 717 451 773 lacessita;
486 724 660 765 tamen
685 720 725 764 si
749 717 844 763 tibi
868 717 1084 774 videtur,
1108 719 1278 778 accipe
1312 732 1342 761 a
1372 731 1454 761 me
1490 714 1689 772 auxilia,

193 795 373 858 quibus
396 798 593 842 munire
618 802 672 842 te
696 798 867 858 possis.

141 878 172 924 4
282 873 427 919 Plura
463 879 598 931 sunt,
624 872 804 931 Lucili,
839 888 968 936 quae
1005 888 1094 918 nos
1130 877 1340 928 terrent,
1376 886 1526 933 quam
1561 885 1690 933 quae

195 957 449 1012 premunt,
492 957 545 997 et
586 953 783 1012 saepius
825 953 1061 1012 opinione
1102 965 1252 1012 quam
1293 965 1347 995 re
1395 948 1688 994 laboramus.

198 1028 242 1073 N
247 1044 311 1073 on
338 1027 513 1090 loquor
534 1034 707 1075 tecum
731 1026 900 1074 Stoica
922 1027 1111 1089 lingua,
1131 1026 1220 1073 sed
1246 1025 1339 1071 hac
1358 1026 1688 1072 submissiore.

200 1105 302 1152 Nos
327 1108 463 1152 enim
487 1105 698 1152 dicimus
722 1107 889 1151 omnia
913 1107 1025 1162 ista,
1050 1119 1179 1167 quae
1204 1107 1425 1166 gemitus
1447 1105 1692 1164 mugitus-

197 1198 295 1246 que
326 1186 631 1245 exprimunt,
655 1182 786 1229 levia
818 1198 927 1229 esse
964 1188 1018 1229 et
1053 1180 1456 1237 contemnenda3
1492 1183 1693 1226 omitta-

197 1276 307 1306 mus
348 1259 474 1307 haec
511 1277 694 1323 magna
734 1261 902 1317 verba,
944 1259 1050 1317 sed,
1089 1258 1141 1305 di
1182 1259 1319 1316 boni,
1355 1274 1485 1304 vera.
1560 1257 1694 1303 Illud

199 1339 293 1384 tibi
328 1341 596 1400 praecipio,
633 1354 698 1384 ne
734 1341 799 1385 sis
840 1340 992 1384 miser
1025 1343 1146 1383 ante
1188 1342 1407 1398 tempus,
1443 1352 1558 1381 cum
1592 1334 1696 1392 illa,

201 1431 329 1478 quae
365 1415 506 1462 velut
538 1417 856 1462 imminentia
889 1416 1150 1477 expavisti,
1177 1413 1386 1460 fortasse
1421 1427 1695 1476 numquam

150 1507 179 1554 5
203 1499 414 1539 ventura
438 1496 555 1551 sint,
575 1498 711 1539 certe
737 1509 840 1538 non
858 1494 1105 1539 venerint.
1179 1490 1442 1549 Quaedam
1466 1506 1587 1553 ergo
1606 1505 1696 1535 nos
1714 1483 1720 1489 ⁵
1740 1530 1742 1533 .

202 1573 361 1633 magis
402 1576 642 1634 torquent
683 1586 833 1633 quam
874 1569 1097 1624 debent;
1151 1568 1398 1632 quaedam
1435 1574 1555 1615 ante
1595 1574 1695 1613 tor·
1740 1562 1742 1564 ¹

204 1653 363 1711 quent
387 1664 538 1711 quam
555 1647 779 1704 debent3
813 1646 1060 1710 quaedam
1085 1652 1341 1709 torquent,
1357 1661 1471 1692 cum
1494 1649 1698 1692 omnino

204 1742 305 1772 non
343 1725 578 1772 debeant.
652 1725 759 1772 Aut
799 1740 1040 1787 augemus
1077 1723 1302 1770 dolorem
1337 1728 1424 1769 aut
1466 1722 1698 1785 fingimus

205 1809 293 1850 aut
316 1807 661 1865 praecipimus.

292 1881 512 1927 Primum
535 1880 678 1937 illud,
697 1883 813 1943 quia
838 1895 915 1926 res
939 1882 993 1925 in
1017 1881 1353 1925 controversia
1376 1883 1456 1925 est
1480 1883 1534 1924 et
1556 1877 1700 1924 litem

206 1965 542 2006 contestatam
565 1959 824 2015 habemus,
844 1961 896 2003 in
916 1959 1200 2020 praesentia
1218 1955 1487 2002 differatur.
1551 1954 1700 2013 Quod

207 2052 302 2099 ego
327 2037 439 2083 leve
463 2036 651 2092 dixero,
672 2042 728 2082 tu
753 2037 1099 2098 gravissimum
1123 2049 1232 2081 esse
1258 2033 1566 2090 contendes;
1601 2035 1702 2079 scio

207 2114 328 2161 alios
360 2117 495 2161 inter
525 2113 722 2176 flagella
753 2113 932 2170 ridere,
957 2112 1080 2158 alios
1111 2127 1316 2174 gemere
1350 2111 1442 2157 sub
1475 2109 1699 2172 colapho,

277 2278 297 2296 a
325 2268 498 2311 Seneca
525 2269 753 2310 dismisses
772 2268 852 2309 the
879 2270 1000 2322 topic
1028 2268 1080 2308 of
1108 2274 1137 2291 ‘⁶
1155 2266 1457 2320 exaggerated
1485 2266 1602 2314 ills‚”
1630 2266 1685 2307 be

210 2337 345 2387 cause
359 2323 622 2378 judgments
643 2323 730 2364 will
749 2322 877 2363 differ
902 2321 1146 2385 regarding
1170 2324 1352 2374 present
1369 2321 1568 2361 troubles
1586 2337 1597 2368 ς
1626 2320 1721 2366 ’(110Α
1741 2371 1742 2380 ¹

212 2377 373 2425 Sto1cs,
399 2377 469 2418 for
497 2377 715 2431 example,
748 2376 893 2418 would
923 2379 1002 2417 not
1029 2375 1171 2416 admit
1198 2375 1301 2416 that
1326 2378 1498 2416 torture
1527 2387 1617 2415 was
1645 2387 1703 2414 an
1726 2373 1742 2441 ἦ

1680 2427 1705 2444 ’ἲ

1664 2458 1674 2475 9

211 2432 298 2473 evil
313 2435 362 2472 at
373 2431 443 2473 all.
490 2431 565 2472 He
572 2432 680 2472 then
697 2443 852 2484 passes
865 2443 923 2471 on
935 2433 983 2471 to
998 2430 1077 2470 the
1088 2431 1209 2482 topic
1224 2429 1276 2469 of
1289 2434 1318 2452 “
1328 2430 1577 2481 imaginary
1590 2428 1658 2468 ills
1660 2448 1736 2644 ,οξ

210 2489 255 2536 ξς
274 2488 368 2533 6-7,
386 2485 477 2526 and
503 2485 766 2526 afterwards
785 2488 833 2526 to
856 2489 885 2507 ‘⁶
900 2483 1175 2536 anticipated
1193 2483 1308 2529 ills‚”
1328 2483 1370 2532 ἐξ
1390 2485 1510 2524 8-11.
1571 2482 1606 2522 F
1610 2495 1656 2522 ro

210 2543 231 2590 ἓ
254 2541 304 2581 12
322 2553 397 2587 on,
420 2539 478 2580 he
498 2539 621 2580 deals
643 2539 750 2580 with
773 2538 883 2580 both
902 2540 1152 2591 imaginary
1172 2537 1263 2578 and
1282 2535 1556 2590 anticipated
1576 2535 1658 2577 ills.
1707 2548 1709 2550 ·

212 2609 276 2656 74·
