<?xml version="1.0" encoding="UTF-8"?>
<!DOCTYPE html PUBLIC "-//W3C//DTD XHTML 1.0 Transitional//EN"
    "http://www.w3.org/TR/xhtml1/DTD/xhtml1-transitional.dtd">
<html xmlns="http://www.w3.org/1999/xhtml" xml:lang="en" lang="en">
 <head>
  <title>
</title>
<meta http-equiv="Content-Type" content="text/html;charset=utf-8" />
  <meta name='ocr-system' content='tesseract 3.04.00' />
  <meta name='ocr-capabilities' content='ocr_page ocr_carea ocr_par ocr_line ocrx_word'/>
</head>
<body>
  <div class='ocr_page' id='page_1' title='image "adluciliumepistu01seneuoft_0162.png"; bbox 0 0 1742 2872; ppageno 0'>
   <div class='ocr_carea' id='block_1_1' title="bbox 489 152 1417 200">
    <p class='ocr_par' dir='ltr' id='par_1_1' title="bbox 489 152 1417 200">
     <span class='ocr_line' id='line_1_1' title="bbox 489 152 1417 200; baseline -0.001 0"><span class='ocrx_word' id='word_1_1' title='bbox 489 153 634 200; x_wconf 93' lang='lat' dir='ltr'><strong>THE</strong></span> <span class='ocrx_word' id='word_1_2' title='bbox 670 152 989 200; x_wconf 90' lang='lat' dir='ltr'>EPISTLES</span> <span class='ocrx_word' id='word_1_3' title='bbox 1028 152 1117 199; x_wconf 90' lang='lat' dir='ltr'><strong>OF</strong></span> <span class='ocrx_word' id='word_1_4' title='bbox 1153 152 1417 199; x_wconf 88' lang='lat' dir='ltr'><strong>SENECA</strong></span> 
     </span>
    </p>
   </div>
   <div class='ocr_carea' id='block_1_2' title="bbox 126 261 1711 1653">
    <p class='ocr_par' dir='ltr' id='par_1_2' title="bbox 126 261 1711 1653">
     <span class='ocr_line' id='line_1_2' title="bbox 167 261 1699 325; baseline 0 -19"><span class='ocrx_word' id='word_1_5' title='bbox 167 298 189 303; x_wconf 13' lang='grc' dir='ltr'><strong>»μ</strong></span> <span class='ocrx_word' id='word_1_6' title='bbox 208 262 355 309; x_wconf 89' lang='lat' dir='ltr'><strong>aliter</strong></span> <span class='ocrx_word' id='word_1_7' title='bbox 383 262 548 320; x_wconf 91' lang='lat' dir='ltr'><strong>audio,</strong></span> <span class='ocrx_word' id='word_1_8' title='bbox 573 278 701 325; x_wconf 90' lang='lat' dir='ltr'><strong>quae</strong></span> <span class='ocrx_word' id='word_1_9' title='bbox 734 262 858 309; x_wconf 87' lang='lat' dir='ltr'><strong>dicit</strong></span> <span class='ocrx_word' id='word_1_10' title='bbox 883 263 1171 309; x_wconf 83' lang='lat' dir='ltr'><strong>Demetrius</strong></span> <span class='ocrx_word' id='word_1_11' title='bbox 1202 268 1388 319; x_wconf 87' lang='lat' dir='ltr'><strong>noster,</strong></span> <span class='ocrx_word' id='word_1_12' title='bbox 1413 278 1526 308; x_wconf 91' lang='lat' dir='ltr'><strong>cum</strong></span> <span class='ocrx_word' id='word_1_13' title='bbox 1559 261 1699 307; x_wconf 91' lang='lat' dir='ltr'><strong>illum</strong></span> 
     </span>
     <span class='ocr_line' id='line_1_3' title="bbox 210 350 1699 414; baseline 0 -18"><span class='ocrx_word' id='word_1_14' title='bbox 210 350 308 396; x_wconf 91' lang='lat' dir='ltr'><strong>vidi</strong></span> <span class='ocrx_word' id='word_1_15' title='bbox 346 350 555 409; x_wconf 90' lang='lat' dir='ltr'><strong>nudum,</strong></span> <span class='ocrx_word' id='word_1_16' title='bbox 588 357 777 414; x_wconf 89' lang='lat' dir='ltr'><strong>quanto</strong></span> <span class='ocrx_word' id='word_1_17' title='bbox 814 355 976 398; x_wconf 90' lang='lat' dir='ltr'><strong>minus</strong></span> <span class='ocrx_word' id='word_1_18' title='bbox 1013 351 1195 414; x_wconf 81' lang='lat' dir='ltr'><strong>quam1</strong></span> <span class='ocrx_word' id='word_1_19' title='bbox 1234 354 1537 408; x_wconf 88' lang='lat' dir='ltr'><strong>stramentis,</strong></span> <span class='ocrx_word' id='word_1_20' title='bbox 1562 354 1699 396; x_wconf 85' lang='lat' dir='ltr'><strong>incu-</strong></span> 
     </span>
     <span class='ocr_line' id='line_1_4' title="bbox 126 432 1701 502; baseline 0 -19"><span class='ocrx_word' id='word_1_21' title='bbox 126 432 186 479; x_wconf 89' lang='grc'><strong>10</strong></span> <span class='ocrx_word' id='word_1_22' title='bbox 210 438 445 493; x_wconf 86' lang='lat' dir='ltr'><strong>bantem;</strong></span> <span class='ocrx_word' id='word_1_23' title='bbox 482 455 585 485; x_wconf 89' lang='lat' dir='ltr'><strong>non</strong></span> <span class='ocrx_word' id='word_1_24' title='bbox 607 446 905 502; x_wconf 88' lang='lat' dir='ltr'><strong>praeceptor</strong></span> <span class='ocrx_word' id='word_1_25' title='bbox 928 443 1048 498; x_wconf 89' lang='lat' dir='ltr'><strong>veri,</strong></span> <span class='ocrx_word' id='word_1_26' title='bbox 1068 439 1156 486; x_wconf 91' lang='lat' dir='ltr'><strong>sed</strong></span> <span class='ocrx_word' id='word_1_27' title='bbox 1182 442 1325 485; x_wconf 86' lang='lat' dir='ltr'><strong>testis</strong></span> <span class='ocrx_word' id='word_1_28' title='bbox 1351 445 1441 486; x_wconf 83' lang='lat' dir='ltr'><strong>est.</strong></span> <span class='ocrx_word' id='word_1_29' title='bbox 1515 443 1547 465; x_wconf 85' lang='lat'><em>“</em></span> <span class='ocrx_word' id='word_1_30' title='bbox 1566 437 1701 495; x_wconf 84' lang='lat' dir='ltr'>Quid</span> 
     </span>
     <span class='ocr_line' id='line_1_5' title="bbox 209 527 1703 590; baseline -0.001 -18"><span class='ocrx_word' id='word_1_31' title='bbox 209 529 365 588; x_wconf 88' lang='lat' dir='ltr'><strong>ergo?</strong></span> <span class='ocrx_word' id='word_1_32' title='bbox 438 527 551 572; x_wconf 92' lang='lat' dir='ltr'><strong>Non</strong></span> <span class='ocrx_word' id='word_1_33' title='bbox 599 527 721 574; x_wconf 87' lang='lat' dir='ltr'><strong>licet</strong></span> <span class='ocrx_word' id='word_1_34' title='bbox 760 528 959 574; x_wconf 88' lang='lat' dir='ltr'><strong>divitias</strong></span> <span class='ocrx_word' id='word_1_35' title='bbox 998 530 1050 573; x_wconf 91' lang='lat' dir='ltr'><strong>in</strong></span> <span class='ocrx_word' id='word_1_36' title='bbox 1089 531 1200 574; x_wconf 91' lang='lat' dir='ltr'><strong>sinu</strong></span> <span class='ocrx_word' id='word_1_37' title='bbox 1247 531 1432 590; x_wconf 88' lang='lat' dir='ltr'><strong>positas</strong></span> <span class='ocrx_word' id='word_1_38' title='bbox 1479 533 1703 572; x_wconf 87' lang='lat' dir='ltr'><strong>contem-</strong></span> 
     </span>
     <span class='ocr_line' id='line_1_6' title="bbox 209 613 1704 677; baseline 0.001 -18"><span class='ocrx_word' id='word_1_39' title='bbox 209 613 410 659; x_wconf 89' lang='lat' dir='ltr'><strong>nere?”</strong></span> <span class='ocrx_word' id='word_1_40' title='bbox 485 613 676 672; x_wconf 84' lang='lat' dir='ltr'><strong>Quidni</strong></span> <span class='ocrx_word' id='word_1_41' title='bbox 707 614 894 662; x_wconf 88' lang='lat' dir='ltr'><strong>liceat?</strong></span> <span class='ocrx_word' id='word_1_42' title='bbox 964 616 1032 660; x_wconf 89' lang='lat' dir='ltr'><strong>Et</strong></span> <span class='ocrx_word' id='word_1_43' title='bbox 1061 615 1147 661; x_wconf 89' lang='lat' dir='ltr'><strong>ille</strong></span> <span class='ocrx_word' id='word_1_44' title='bbox 1180 618 1401 677; x_wconf 88' lang='lat' dir='ltr'><strong>ingentis</strong></span> <span class='ocrx_word' id='word_1_45' title='bbox 1433 618 1585 660; x_wconf 90' lang='lat' dir='ltr'><strong>animi</strong></span> <span class='ocrx_word' id='word_1_46' title='bbox 1611 620 1704 672; x_wconf 90' lang='lat' dir='ltr'><strong>est,</strong></span> 
     </span>
     <span class='ocr_line' id='line_1_7' title="bbox 209 701 1706 766; baseline 0.001 -19"><span class='ocrx_word' id='word_1_47' title='bbox 209 704 292 764; x_wconf 83' lang='lat' dir='ltr'><strong>qui</strong></span> <span class='ocrx_word' id='word_1_48' title='bbox 333 701 442 748; x_wconf 91' lang='lat' dir='ltr'><strong>illas</strong></span> <span class='ocrx_word' id='word_1_49' title='bbox 484 703 803 750; x_wconf 88' lang='lat' dir='ltr'><strong>circumfusas</strong></span> <span class='ocrx_word' id='word_1_50' title='bbox 851 704 961 762; x_wconf 89' lang='lat' dir='ltr'><strong>sibi,</strong></span> <span class='ocrx_word' id='word_1_51' title='bbox 997 703 1215 749; x_wconf 90' lang='lat' dir='ltr'><strong>multum</strong></span> <span class='ocrx_word' id='word_1_52' title='bbox 1255 703 1442 766; x_wconf 86' lang='lat' dir='ltr'><strong>diuque</strong></span> <span class='ocrx_word' id='word_1_53' title='bbox 1483 706 1706 761; x_wconf 83' lang='lat' dir='ltr'><strong>miratus,</strong></span> 
     </span>
     <span class='ocr_line' id='line_1_8' title="bbox 210 790 1706 854; baseline 0.001 -18"><span class='ocrx_word' id='word_1_54' title='bbox 210 790 345 854; x_wconf 93' lang='lat' dir='ltr'><strong>quod</strong></span> <span class='ocrx_word' id='word_1_55' title='bbox 368 790 433 836; x_wconf 92' lang='lat' dir='ltr'><strong>ad</strong></span> <span class='ocrx_word' id='word_1_56' title='bbox 469 807 521 837; x_wconf 91' lang='lat' dir='ltr'><strong>se</strong></span> <span class='ocrx_word' id='word_1_57' title='bbox 556 795 804 849; x_wconf 87' lang='lat' dir='ltr'><strong>venerint,</strong></span> <span class='ocrx_word' id='word_1_58' title='bbox 828 791 962 838; x_wconf 89' lang='lat' dir='ltr'><strong>ridet</strong></span> <span class='ocrx_word' id='word_1_59' title='bbox 997 807 1208 854; x_wconf 90' lang='lat' dir='ltr'><strong>suasque</strong></span> <span class='ocrx_word' id='word_1_60' title='bbox 1243 791 1386 838; x_wconf 91' lang='lat' dir='ltr'><strong>audit</strong></span> <span class='ocrx_word' id='word_1_61' title='bbox 1417 794 1574 853; x_wconf 85' lang='lat' dir='ltr'><strong>magis</strong></span> <span class='ocrx_word' id='word_1_62' title='bbox 1599 806 1706 837; x_wconf 89' lang='lat' dir='ltr'><strong>esse</strong></span> 
     </span>
     <span class='ocr_line' id='line_1_9' title="bbox 211 878 1708 942; baseline 0 -18"><span class='ocrx_word' id='word_1_63' title='bbox 211 894 361 941; x_wconf 89' lang='lat' dir='ltr'><strong>quam</strong></span> <span class='ocrx_word' id='word_1_64' title='bbox 389 882 557 925; x_wconf 82' lang='lat' dir='ltr'><strong>sentit.</strong></span> <span class='ocrx_word' id='word_1_65' title='bbox 634 878 856 925; x_wconf 89' lang='lat' dir='ltr'><strong>Multum</strong></span> <span class='ocrx_word' id='word_1_66' title='bbox 890 885 968 925; x_wconf 90' lang='lat' dir='ltr'><strong>est</strong></span> <span class='ocrx_word' id='word_1_67' title='bbox 1003 895 1104 925; x_wconf 91' lang='lat' dir='ltr'><strong>non</strong></span> <span class='ocrx_word' id='word_1_68' title='bbox 1141 883 1388 942; x_wconf 89' lang='lat' dir='ltr'><strong>corrumpi</strong></span> <span class='ocrx_word' id='word_1_69' title='bbox 1423 879 1708 926; x_wconf 88' lang='lat' dir='ltr'><strong>divitiarum</strong></span> 
     </span>
     <span class='ocr_line' id='line_1_10' title="bbox 212 966 1704 1030; baseline 0.001 -18"><span class='ocrx_word' id='word_1_70' title='bbox 212 966 575 1023; x_wconf 88' lang='lat' dir='ltr'><strong>contubernio;</strong></span> <span class='ocrx_word' id='word_1_71' title='bbox 611 983 821 1029; x_wconf 84' lang='lat' dir='ltr'><strong>magnus</strong></span> <span class='ocrx_word' id='word_1_72' title='bbox 856 967 961 1024; x_wconf 89' lang='lat' dir='ltr'><strong>ille,</strong></span> <span class='ocrx_word' id='word_1_73' title='bbox 985 970 1070 1030; x_wconf 91' lang='lat' dir='ltr'><strong>qui</strong></span> <span class='ocrx_word' id='word_1_74' title='bbox 1103 971 1156 1014; x_wconf 93' lang='lat' dir='ltr'><strong>in</strong></span> <span class='ocrx_word' id='word_1_75' title='bbox 1190 967 1591 1030; x_wconf 87' lang='lat' dir='ltr'><strong>divitiis-pauper</strong></span> <span class='ocrx_word' id='word_1_76' title='bbox 1615 971 1704 1013; x_wconf 85' lang='lat' dir='ltr'><strong>est.</strong></span> 
     </span>
     <span class='ocr_line' id='line_1_11' title="bbox 129 1054 1709 1119; baseline 0.001 -19"><span class='ocrx_word' id='word_1_77' title='bbox 129 1060 185 1106; x_wconf 90' lang='lat'><strong>11</strong></span> <span class='ocrx_word' id='word_1_78' title='bbox 212 1058 245 1081; x_wconf 90' lang='lat'><strong><em>“</em></strong></span> <span class='ocrx_word' id='word_1_79' title='bbox 263 1054 308 1100; x_wconf 95' lang='lat' dir='ltr'>N</span> <span class='ocrx_word' id='word_1_80' title='bbox 312 1055 490 1112; x_wconf 90' lang='lat' dir='ltr'><strong>escio,”</strong></span> <span class='ocrx_word' id='word_1_81' title='bbox 512 1058 694 1118; x_wconf 88' lang='lat' dir='ltr'><strong>inquis,</strong></span> <span class='ocrx_word' id='word_1_82' title='bbox 711 1060 743 1082; x_wconf 86' lang='lat'><em>“</em></span> <span class='ocrx_word' id='word_1_83' title='bbox 758 1056 1008 1119; x_wconf 91' lang='lat' dir='ltr'><strong>quomodo</strong></span> <span class='ocrx_word' id='word_1_84' title='bbox 1028 1062 1379 1118; x_wconf 83' lang='lat' dir='ltr'><strong>paupertatem</strong></span> <span class='ocrx_word' id='word_1_85' title='bbox 1399 1059 1495 1102; x_wconf 94' lang='lat' dir='ltr'><strong>iste</strong></span> <span class='ocrx_word' id='word_1_86' title='bbox 1519 1055 1709 1102; x_wconf 86' lang='lat' dir='ltr'><strong>laturus</strong></span> 
     </span>
     <span class='ocr_line' id='line_1_12' title="bbox 213 1142 1709 1206; baseline 0.001 -19"><span class='ocrx_word' id='word_1_87' title='bbox 213 1145 294 1199; x_wconf 91' lang='lat' dir='ltr'><strong>sit,</strong></span> <span class='ocrx_word' id='word_1_88' title='bbox 330 1145 369 1187; x_wconf 90' lang='lat' dir='ltr'><strong>si</strong></span> <span class='ocrx_word' id='word_1_89' title='bbox 416 1145 469 1188; x_wconf 93' lang='lat' dir='ltr'><strong>in</strong></span> <span class='ocrx_word' id='word_1_90' title='bbox 515 1142 651 1188; x_wconf 88' lang='lat' dir='ltr'><strong>illam</strong></span> <span class='ocrx_word' id='word_1_91' title='bbox 699 1143 979 1190; x_wconf 89' lang='lat' dir='ltr'><strong>inciderit.”</strong></span> <span class='ocrx_word' id='word_1_92' title='bbox 1054 1144 1162 1190; x_wconf 88' lang='lat' dir='ltr'><strong>Nec</strong></span> <span class='ocrx_word' id='word_1_93' title='bbox 1209 1159 1321 1206; x_wconf 89' lang='lat' dir='ltr'><strong>ego,</strong></span> <span class='ocrx_word' id='word_1_94' title='bbox 1369 1144 1600 1205; x_wconf 86' lang='lat' dir='ltr'><strong>Epicure,</strong></span> <span class='ocrx_word' id='word_1_95' title='bbox 1645 1159 1709 1189; x_wconf 90' lang='lat' dir='ltr'><strong>an</strong></span> 
     </span>
     <span class='ocr_line' id='line_1_13' title="bbox 215 1230 1710 1294; baseline 0.001 -18"><span class='ocrx_word' id='word_1_96' title='bbox 215 1236 331 1276; x_wconf 91' lang='lat' dir='ltr'><strong>tuus</strong></span> <span class='ocrx_word' id='word_1_97' title='bbox 350 1230 369 1260; x_wconf 80' lang='lat'><strong>2</strong></span> <span class='ocrx_word' id='word_1_98' title='bbox 393 1233 489 1277; x_wconf 85' lang='lat' dir='ltr'><strong>iste</strong></span> <span class='ocrx_word' id='word_1_99' title='bbox 514 1248 705 1294; x_wconf 83' lang='lat' dir='ltr'><strong>pauper</strong></span> <span class='ocrx_word' id='word_1_100' title='bbox 730 1238 1110 1294; x_wconf 86' lang='lat' dir='ltr'><strong>contempturus</strong></span> <span class='ocrx_word' id='word_1_101' title='bbox 1135 1235 1201 1279; x_wconf 89' lang='lat' dir='ltr'><strong>sit</strong></span> <span class='ocrx_word' id='word_1_102' title='bbox 1225 1232 1440 1290; x_wconf 88' lang='lat' dir='ltr'><strong>divitias,</strong></span> <span class='ocrx_word' id='word_1_103' title='bbox 1459 1235 1500 1279; x_wconf 91' lang='lat' dir='ltr'><strong>si</strong></span> <span class='ocrx_word' id='word_1_104' title='bbox 1523 1235 1576 1278; x_wconf 92' lang='lat' dir='ltr'><strong>in</strong></span> <span class='ocrx_word' id='word_1_105' title='bbox 1600 1231 1710 1278; x_wconf 87' lang='lat' dir='ltr'><strong>illas</strong></span> 
     </span>
     <span class='ocr_line' id='line_1_14' title="bbox 213 1318 1710 1382; baseline 0.001 -18"><span class='ocrx_word' id='word_1_106' title='bbox 213 1318 476 1375; x_wconf 90' lang='lat' dir='ltr'><strong>inciderit;</strong></span> <span class='ocrx_word' id='word_1_107' title='bbox 524 1322 695 1382; x_wconf 89' lang='lat' dir='ltr'><strong>itaque</strong></span> <span class='ocrx_word' id='word_1_108' title='bbox 731 1323 780 1364; x_wconf 91' lang='lat' dir='ltr'><strong>in</strong></span> <span class='ocrx_word' id='word_1_109' title='bbox 830 1325 1043 1382; x_wconf 89' lang='lat' dir='ltr'><strong>utroque</strong></span> <span class='ocrx_word' id='word_1_110' title='bbox 1090 1336 1232 1366; x_wconf 89' lang='lat' dir='ltr'><strong>mens</strong></span> <span class='ocrx_word' id='word_1_111' title='bbox 1279 1320 1588 1367; x_wconf 88' lang='lat' dir='ltr'><strong>aestimanda</strong></span> <span class='ocrx_word' id='word_1_112' title='bbox 1634 1326 1710 1367; x_wconf 91' lang='lat' dir='ltr'><strong>est</strong></span> 
     </span>
     <span class='ocr_line' id='line_1_15' title="bbox 213 1407 1710 1471; baseline 0.001 -19"><span class='ocrx_word' id='word_1_113' title='bbox 213 1407 699 1470; x_wconf 88' lang='lat' dir='ltr'><strong>inspiciendumque,</strong></span> <span class='ocrx_word' id='word_1_114' title='bbox 745 1425 810 1454; x_wconf 90' lang='lat' dir='ltr'><strong>an</strong></span> <span class='ocrx_word' id='word_1_115' title='bbox 857 1408 943 1454; x_wconf 93' lang='lat' dir='ltr'><strong>ille</strong></span> <span class='ocrx_word' id='word_1_116' title='bbox 991 1413 1276 1471; x_wconf 84' lang='lat' dir='ltr'><strong>paupertati</strong></span> <span class='ocrx_word' id='word_1_117' title='bbox 1322 1408 1600 1471; x_wconf 85' lang='lat' dir='ltr'><strong>indulgeat,</strong></span> <span class='ocrx_word' id='word_1_118' title='bbox 1646 1426 1710 1454; x_wconf 88' lang='lat' dir='ltr'><strong>an</strong></span> 
     </span>
     <span class='ocr_line' id='line_1_16' title="bbox 215 1494 1710 1559; baseline 0.001 -18"><span class='ocrx_word' id='word_1_119' title='bbox 215 1494 297 1541; x_wconf 93' lang='lat' dir='ltr'><strong>hic</strong></span> <span class='ocrx_word' id='word_1_120' title='bbox 355 1495 541 1542; x_wconf 87' lang='lat' dir='ltr'><strong>divitiis</strong></span> <span class='ocrx_word' id='word_1_121' title='bbox 593 1512 694 1542; x_wconf 91' lang='lat' dir='ltr'><strong>non</strong></span> <span class='ocrx_word' id='word_1_122' title='bbox 752 1496 1028 1558; x_wconf 87' lang='lat' dir='ltr'><strong>indulgeat.</strong></span> <span class='ocrx_word' id='word_1_123' title='bbox 1118 1497 1355 1559; x_wconf 91' lang='lat' dir='ltr'><strong>Alioquin</strong></span> <span class='ocrx_word' id='word_1_124' title='bbox 1404 1496 1516 1543; x_wconf 90' lang='lat' dir='ltr'><strong>leve</strong></span> <span class='ocrx_word' id='word_1_125' title='bbox 1566 1512 1710 1559; x_wconf 87' lang='lat' dir='ltr'><strong>argu-</strong></span> 
     </span>
     <span class='ocr_line' id='line_1_17' title="bbox 216 1584 1711 1653; baseline 0.001 -24"><span class='ocrx_word' id='word_1_126' title='bbox 216 1589 446 1629; x_wconf 90' lang='lat' dir='ltr'><strong>mentum</strong></span> <span class='ocrx_word' id='word_1_127' title='bbox 482 1589 560 1630; x_wconf 88' lang='lat' dir='ltr'><strong>est</strong></span> <span class='ocrx_word' id='word_1_128' title='bbox 595 1584 754 1630; x_wconf 90' lang='lat' dir='ltr'><strong>bonae</strong></span> <span class='ocrx_word' id='word_1_129' title='bbox 798 1584 1068 1631; x_wconf 85' lang='lat' dir='ltr'><strong>voluntatis</strong></span> <span class='ocrx_word' id='word_1_130' title='bbox 1106 1585 1341 1647; x_wconf 87' lang='lat' dir='ltr'><strong>grabatus</strong></span> <span class='ocrx_word' id='word_1_131' title='bbox 1376 1591 1464 1631; x_wconf 90' lang='lat' dir='ltr'><strong>aut</strong></span> <span class='ocrx_word' id='word_1_132' title='bbox 1500 1601 1711 1653; x_wconf 85' lang='lat' dir='ltr'><strong>pannuS‚</strong></span> 
     </span>
    </p>
   </div>
   <div class='ocr_carea' id='block_1_3' title="bbox 216 1672 1711 1806">
    <p class='ocr_par' dir='ltr' id='par_1_3' title="bbox 216 1672 1711 1806">
     <span class='ocr_line' id='line_1_18' title="bbox 216 1672 1711 1735; baseline 0.002 -18"><span class='ocrx_word' id='word_1_133' title='bbox 216 1674 311 1717; x_wconf 91' lang='lat' dir='ltr'><strong>nisi</strong></span> <span class='ocrx_word' id='word_1_134' title='bbox 347 1675 577 1734; x_wconf 89' lang='lat' dir='ltr'><strong>apparuit</strong></span> <span class='ocrx_word' id='word_1_135' title='bbox 613 1672 831 1735; x_wconf 87' lang='lat' dir='ltr'><strong>aliquem</strong></span> <span class='ocrx_word' id='word_1_136' title='bbox 867 1673 953 1719; x_wconf 92' lang='lat' dir='ltr'><strong>illa</strong></span> <span class='ocrx_word' id='word_1_137' title='bbox 986 1690 1090 1720; x_wconf 92' lang='lat' dir='ltr'><strong>non</strong></span> <span class='ocrx_word' id='word_1_138' title='bbox 1125 1677 1427 1720; x_wconf 87' lang='lat' dir='ltr'><strong>necessitate</strong></span> <span class='ocrx_word' id='word_1_139' title='bbox 1466 1676 1587 1735; x_wconf 87' lang='lat' dir='ltr'><strong>pati,</strong></span> <span class='ocrx_word' id='word_1_140' title='bbox 1623 1673 1711 1720; x_wconf 90' lang='lat' dir='ltr'><strong>sed</strong></span> 
     </span>
     <span class='ocr_line' id='line_1_19' title="bbox 218 1759 379 1806; baseline 0.006 -2"><span class='ocrx_word' id='word_1_141' title='bbox 218 1759 379 1806; x_wconf 89' lang='lat' dir='ltr'><strong>malle.</strong></span> 
     </span>
    </p>
   </div>
   <div class='ocr_carea' id='block_1_4' title="bbox 136 1826 1742 2001">
    <p class='ocr_par' dir='ltr' id='par_1_4' title="bbox 136 1826 1742 2001">
     <span class='ocr_line' id='line_1_20' title="bbox 136 1826 1742 1911; baseline 0.002 -17"><span class='ocrx_word' id='word_1_142' title='bbox 136 1847 197 1894; x_wconf 87' lang='lat'><strong>12</strong></span> <span class='ocrx_word' id='word_1_143' title='bbox 304 1826 539 1894; x_wconf 87' lang='lat' dir='ltr'><strong>Ceterum</strong></span> <span class='ocrx_word' id='word_1_144' title='bbox 565 1865 777 1911; x_wconf 87' lang='lat' dir='ltr'><strong>magnae</strong></span> <span class='ocrx_word' id='word_1_145' title='bbox 802 1848 982 1895; x_wconf 91' lang='lat' dir='ltr'><strong>indolis</strong></span> <span class='ocrx_word' id='word_1_146' title='bbox 1008 1855 1087 1896; x_wconf 90' lang='lat' dir='ltr'><strong>est</strong></span> <span class='ocrx_word' id='word_1_147' title='bbox 1115 1848 1180 1895; x_wconf 89' lang='lat' dir='ltr'><strong>ad</strong></span> <span class='ocrx_word' id='word_1_148' title='bbox 1203 1851 1300 1895; x_wconf 87' lang='lat' dir='ltr'><strong>ista</strong></span> <span class='ocrx_word' id='word_1_149' title='bbox 1323 1865 1425 1895; x_wconf 91' lang='lat' dir='ltr'><strong>non</strong></span> <span class='ocrx_word' id='word_1_150' title='bbox 1449 1865 1712 1911; x_wconf 83' lang='lat' dir='ltr'><strong>properare</strong></span> <span class='ocrx_word' id='word_1_151' title='bbox 1738 1874 1742 1891; x_wconf 82' lang='lat'>=</span> 
     </span>
     <span class='ocr_line' id='line_1_21' title="bbox 218 1937 1709 2001; baseline 0.003 -20"><span class='ocrx_word' id='word_1_152' title='bbox 218 1941 473 1998; x_wconf 84' lang='lat' dir='ltr'><strong>tamquam</strong></span> <span class='ocrx_word' id='word_1_153' title='bbox 498 1937 718 1996; x_wconf 87' lang='lat' dir='ltr'><strong>meliora,</strong></span> <span class='ocrx_word' id='word_1_154' title='bbox 744 1938 832 1985; x_wconf 93' lang='lat' dir='ltr'><strong>sed</strong></span> <span class='ocrx_word' id='word_1_155' title='bbox 862 1942 1138 2001; x_wconf 88' lang='lat' dir='ltr'><strong>praeparari</strong></span> <span class='ocrx_word' id='word_1_156' title='bbox 1173 1943 1427 2001; x_wconf 86' lang='lat' dir='ltr'><strong>tamquam</strong></span> <span class='ocrx_word' id='word_1_157' title='bbox 1447 1937 1511 1984; x_wconf 90' lang='lat' dir='ltr'><strong>ad</strong></span> <span class='ocrx_word' id='word_1_158' title='bbox 1535 1938 1709 1986; x_wconf 87' lang='lat' dir='ltr'><strong>facilia.</strong></span> 
     </span>
    </p>
   </div>
   <div class='ocr_carea' id='block_1_5' title="bbox 219 2023 1714 2177">
    <p class='ocr_par' dir='ltr' id='par_1_5' title="bbox 219 2023 1714 2177">
     <span class='ocr_line' id='line_1_22' title="bbox 219 2023 1713 2083; baseline 0.002 -14"><span class='ocrx_word' id='word_1_159' title='bbox 219 2023 288 2070; x_wconf 84' lang='lat' dir='ltr'><strong>Et</strong></span> <span class='ocrx_word' id='word_1_160' title='bbox 323 2030 456 2082; x_wconf 86' lang='lat' dir='ltr'><strong>sunt,</strong></span> <span class='ocrx_word' id='word_1_161' title='bbox 482 2024 659 2083; x_wconf 89' lang='lat' dir='ltr'><strong>Lucili,</strong></span> <span class='ocrx_word' id='word_1_162' title='bbox 684 2025 878 2082; x_wconf 82' lang='lat' dir='ltr'><strong>facilia3</strong></span> <span class='ocrx_word' id='word_1_163' title='bbox 915 2043 1028 2073; x_wconf 89' lang='lat' dir='ltr'><strong>cum</strong></span> <span class='ocrx_word' id='word_1_164' title='bbox 1064 2042 1180 2073; x_wconf 90' lang='lat' dir='ltr'><strong>vero</strong></span> <span class='ocrx_word' id='word_1_165' title='bbox 1214 2025 1377 2072; x_wconf 88' lang='lat' dir='ltr'><strong>multo</strong></span> <span class='ocrx_word' id='word_1_166' title='bbox 1408 2032 1527 2072; x_wconf 90' lang='lat' dir='ltr'><strong>ante</strong></span> <span class='ocrx_word' id='word_1_167' title='bbox 1556 2026 1713 2073; x_wconf 92' lang='lat' dir='ltr'><strong>medi-</strong></span> 
     </span>
     <span class='ocr_line' id='line_1_23' title="bbox 220 2113 1714 2177; baseline 0.002 -20"><span class='ocrx_word' id='word_1_168' title='bbox 220 2117 355 2158; x_wconf 88' lang='lat' dir='ltr'><strong>tatus</strong></span> <span class='ocrx_word' id='word_1_169' title='bbox 396 2116 677 2171; x_wconf 88' lang='lat' dir='ltr'><strong>accesseris,</strong></span> <span class='ocrx_word' id='word_1_170' title='bbox 712 2114 930 2160; x_wconf 89' lang='lat' dir='ltr'><strong>iucunda</strong></span> <span class='ocrx_word' id='word_1_171' title='bbox 970 2130 1203 2177; x_wconf 94' lang='lat' dir='ltr'><strong>quoque;</strong></span> <span class='ocrx_word' id='word_1_172' title='bbox 1250 2118 1382 2161; x_wconf 90' lang='lat' dir='ltr'><strong>inest</strong></span> <span class='ocrx_word' id='word_1_173' title='bbox 1425 2117 1559 2161; x_wconf 90' lang='lat' dir='ltr'><strong>enim</strong></span> <span class='ocrx_word' id='word_1_174' title='bbox 1600 2113 1714 2172; x_wconf 92' lang='lat' dir='ltr'><strong>illis,</strong></span> 
     </span>
    </p>
   </div>
   <div class='ocr_carea' id='block_1_6' title="bbox 1730 2035 1742 2320">
    <p class='ocr_par' dir='ltr' id='par_1_6' title="bbox 1730 2035 1742 2320">
     <span class='ocr_line' id='line_1_24' title="bbox 1730 2035 1742 2320; baseline 0 552"><span class='ocrx_word' id='word_1_175' title='bbox 1730 2035 1742 2320; x_wconf 95' lang='lat' dir='ltr'><strong> </strong></span> 
     </span>
    </p>
   </div>
   <div class='ocr_carea' id='block_1_7' title="bbox 138 2201 1714 2263">
    <p class='ocr_par' dir='ltr' id='par_1_7' title="bbox 138 2201 1714 2263">
     <span class='ocr_line' id='line_1_25' title="bbox 138 2201 1714 2263; baseline 0.003 -18"><span class='ocrx_word' id='word_1_176' title='bbox 138 2209 198 2255; x_wconf 91' lang='lat'><strong>13</strong></span> <span class='ocrx_word' id='word_1_177' title='bbox 221 2203 328 2246; x_wconf 90' lang='lat' dir='ltr'><strong>sine</strong></span> <span class='ocrx_word' id='word_1_178' title='bbox 347 2217 446 2263; x_wconf 87' lang='lat' dir='ltr'><strong>qua</strong></span> <span class='ocrx_word' id='word_1_179' title='bbox 462 2201 589 2248; x_wconf 85' lang='lat' dir='ltr'><strong>nihil</strong></span> <span class='ocrx_word' id='word_1_180' title='bbox 614 2209 692 2249; x_wconf 89' lang='lat' dir='ltr'><strong>est</strong></span> <span class='ocrx_word' id='word_1_181' title='bbox 710 2203 999 2259; x_wconf 89' lang='lat' dir='ltr'><strong>iucundum,</strong></span> <span class='ocrx_word' id='word_1_182' title='bbox 1025 2207 1274 2249; x_wconf 87' lang='lat' dir='ltr'><strong>securitas.</strong></span> <span class='ocrx_word' id='word_1_183' title='bbox 1374 2203 1714 2249; x_wconf 90' lang='lat' dir='ltr'><strong>Necessarium</strong></span> 
     </span>
    </p>
   </div>
   <div class='ocr_carea' id='block_1_8' title="bbox 223 2289 1742 2364">
    <p class='ocr_par' dir='ltr' id='par_1_8' title="bbox 223 2289 1742 2364">
     <span class='ocr_line' id='line_1_26' title="bbox 223 2289 1742 2364; baseline 0.002 -31"><span class='ocrx_word' id='word_1_184' title='bbox 223 2304 342 2351; x_wconf 88' lang='lat' dir='ltr'><strong>ergo</strong></span> <span class='ocrx_word' id='word_1_185' title='bbox 377 2289 558 2347; x_wconf 90' lang='lat' dir='ltr'><strong>iudico,</strong></span> <span class='ocrx_word' id='word_1_186' title='bbox 584 2290 635 2336; x_wconf 92' lang='lat' dir='ltr'><strong>id</strong></span> <span class='ocrx_word' id='word_1_187' title='bbox 671 2290 806 2353; x_wconf 94' lang='lat' dir='ltr'><strong>quod</strong></span> <span class='ocrx_word' id='word_1_188' title='bbox 841 2291 934 2337; x_wconf 89' lang='lat' dir='ltr'><strong>tibi</strong></span> <span class='ocrx_word' id='word_1_189' title='bbox 970 2294 1141 2353; x_wconf 90' lang='lat' dir='ltr'><strong>scripsi</strong></span> <span class='ocrx_word' id='word_1_190' title='bbox 1176 2306 1383 2353; x_wconf 88' lang='lat' dir='ltr'><strong>magnos</strong></span> <span class='ocrx_word' id='word_1_191' title='bbox 1414 2294 1541 2337; x_wconf 88' lang='lat' dir='ltr'><strong>viros</strong></span> <span class='ocrx_word' id='word_1_192' title='bbox 1566 2306 1716 2353; x_wconf 87' lang='lat' dir='ltr'><strong>saepe</strong></span> <span class='ocrx_word' id='word_1_193' title='bbox 1728 2312 1742 2364; x_wconf 48' lang='lat'><strong>‘1‘</strong></span> 
     </span>
    </p>
   </div>
   <div class='ocr_carea' id='block_1_9' title="bbox 512 2395 1742 2504">
    <p class='ocr_par' dir='ltr' id='par_1_9' title="bbox 512 2395 1742 2504">
     <span class='ocr_line' id='line_1_27' title="bbox 563 2395 1742 2450; baseline -0.01 -11"><span class='ocrx_word' id='word_1_194' title='bbox 563 2397 576 2422; x_wconf 82' lang='lat'>¹</span> <span class='ocrx_word' id='word_1_195' title='bbox 607 2410 737 2450; x_wconf 81' lang='lat' dir='ltr'><strong>quam</strong></span> <span class='ocrx_word' id='word_1_196' title='bbox 755 2397 803 2437; x_wconf 79' lang='lat' dir='ltr'><strong>in</strong></span> <span class='ocrx_word' id='word_1_197' title='bbox 822 2395 981 2443; x_wconf 90' lang='lat' dir='ltr'><strong>MSS.;</strong></span> <span class='ocrx_word' id='word_1_198' title='bbox 1009 2396 1058 2437; x_wconf 80' lang='lat' dir='ltr'><strong>in</strong></span> <span class='ocrx_word' id='word_1_199' title='bbox 1077 2395 1161 2438; x_wconf 90' lang='lat' dir='ltr'><strong>del.</strong></span> <span class='ocrx_word' id='word_1_200' title='bbox 1189 2396 1360 2449; x_wconf 89' lang='lat' dir='ltr'><strong>Haupt.</strong></span> <span class='ocrx_word' id='word_1_201' title='bbox 1719 2403 1742 2429; x_wconf 46' lang='grc' dir='ltr'><strong>ω</strong></span> 
     </span>
     <span class='ocr_line' id='line_1_28' title="bbox 512 2449 1425 2504; baseline -0.005 -13"><span class='ocrx_word' id='word_1_202' title='bbox 512 2450 530 2475; x_wconf 77' lang='lat'><strong>‘²</strong></span> <span class='ocrx_word' id='word_1_203' title='bbox 558 2466 618 2490; x_wconf 81' lang='lat' dir='ltr'><strong>(m</strong></span> <span class='ocrx_word' id='word_1_204' title='bbox 637 2457 736 2490; x_wconf 73' lang='lat' dir='ltr'><strong>tuus</strong></span> <span class='ocrx_word' id='word_1_205' title='bbox 756 2449 803 2491; x_wconf 91' lang='lat' dir='ltr'><strong>P.</strong></span> <span class='ocrx_word' id='word_1_206' title='bbox 829 2449 1022 2491; x_wconf 88' lang='lat' dir='ltr'><strong>Thomas</strong></span> <span class='ocrx_word' id='word_1_207' title='bbox 1040 2468 1051 2497; x_wconf 69' lang='grc' dir='ltr'><strong>ς</strong></span> <span class='ocrx_word' id='word_1_208' title='bbox 1081 2451 1268 2504; x_wconf 74' lang='lat' dir='ltr'><strong>anyulus</strong></span> <span class='ocrx_word' id='word_1_209' title='bbox 1285 2451 1322 2490; x_wconf 71' lang='lat' dir='ltr'><strong>si</strong></span> <span class='ocrx_word' id='word_1_210' title='bbox 1341 2450 1425 2503; x_wconf 84' lang='lat' dir='ltr'><strong>pL,</strong></span> 
     </span>
    </p>
   </div>
   <div class='ocr_carea' id='block_1_10' title="bbox 230 2535 1431 2650">
    <p class='ocr_par' dir='ltr' id='par_1_10' title="bbox 230 2535 1431 2650">
     <span class='ocr_line' id='line_1_29' title="bbox 555 2535 1431 2596; baseline -0.001 -19"><span class='ocrx_word' id='word_1_211' title='bbox 555 2543 577 2562; x_wconf 76' lang='lat'><em>⁰</em></span> <span class='ocrx_word' id='word_1_212' title='bbox 603 2536 692 2596; x_wconf 70' lang='lat' dir='ltr'><strong>i.e.,</strong></span> <span class='ocrx_word' id='word_1_213' title='bbox 714 2535 791 2576; x_wconf 88' lang='lat' dir='ltr'><strong>the</strong></span> <span class='ocrx_word' id='word_1_214' title='bbox 810 2535 886 2575; x_wconf 87' lang='lat' dir='ltr'><strong>life</strong></span> <span class='ocrx_word' id='word_1_215' title='bbox 906 2536 958 2576; x_wconf 84' lang='lat' dir='ltr'><strong>of</strong></span> <span class='ocrx_word' id='word_1_216' title='bbox 974 2535 1210 2588; x_wconf 86' lang='lat' dir='ltr'><strong>voluntary</strong></span> <span class='ocrx_word' id='word_1_217' title='bbox 1230 2539 1431 2589; x_wconf 85' lang='lat' dir='ltr'><strong>poverty.</strong></span> 
     </span>
     <span class='ocr_line' id='line_1_30' title="bbox 230 2608 320 2650; baseline 0.011 -1"><span class='ocrx_word' id='word_1_218' title='bbox 230 2608 320 2650; x_wconf 88' lang='grc'><strong>138</strong></span> 
     </span>
    </p>
   </div>
  </div>
 </body>
</html>
