1742 2872
435 152 580 207 THE
617 159 938 209 EPISTLES
975 159 1066 207 OF
1102 155 1368 207 SENECA
1642 0 1742 223 q

151 283 217 315 ne
242 271 352 326 ista,
378 284 467 330 per
497 284 625 331 quae
649 268 1029 314 admirationem
1062 282 1233 329 parare
1265 265 1506 322 volumuS,
1530 262 1647 311 ridi-
1723 250 1742 271 '¹

104 405 129 409 *⁴
152 345 264 391 cula
288 351 342 392 et
366 345 536 391 odiosa
564 348 677 393 sint.
757 345 952 407 Nempe
985 347 1294 406 propositum
1318 349 1544 390 nostrum
1570 348 1648 389 est

151 422 429 469 secundum
463 429 692 469 naturam
723 426 919 477 vivere;
958 421 1052 467 hoc
1088 427 1261 467 contra
1294 426 1524 466 naturam
1554 426 1647 477 est,

153 505 386 563 torquere
419 516 596 562 corpus
632 517 776 546 suum
810 506 863 546 et
894 499 1064 546 faciles
1096 499 1259 545 odisse
1291 498 1563 544 munditias
1595 503 1649 544 et

153 577 431 640 squalorem
468 577 710 639 adpetere
746 583 800 624 et
835 577 957 623 cibis
991 593 1094 622 non
1130 582 1327 622 tantum
1364 575 1543 621 vilibus
1572 578 1647 622 uti

101 653 132 699 5
153 654 241 701 sed
278 658 452 701 taetris
489 661 543 701 et
584 654 805 700 horridis.
880 653 1318 712 Quemadmodum
1365 652 1648 699 desiderare

153 732 392 779 delicatas
428 749 506 779 res
538 732 763 778 luxuriae
789 738 879 791 est,
906 735 978 778 ita
1010 734 1218 778 usitatas
1242 737 1297 778 et
1331 747 1433 777 non
1464 746 1648 793 magno
1707 747 1709 751 ·
1738 758 1740 762 ·

153 810 398 872 parabiles
444 809 620 872 fugere
680 809 981 856 dementiae.
1078 808 1439 872 Frugalitatem
1492 811 1650 871 exigit

152 887 484 950 philosophia,
530 904 632 933 non
680 903 910 949 poenam,
958 893 1127 948 potest
1173 893 1344 933 autem
1394 903 1500 933 esse
1548 903 1649 932 non

152 969 407 1027 incompta
470 964 742 1027 frugalitas.
853 964 954 1010 Hic
1018 964 1141 1010 mihi
1204 964 1380 1011 modus
1445 964 1611 1026 placet
1637 982 1648 1010 ε

154 1050 468 1106 temperetur
519 1046 622 1089 vita
673 1046 807 1089 inter
862 1043 1019 1088 bonos
1068 1058 1230 1088 mores
1283 1049 1337 1089 et
1395 1041 1649 1104 publicos;

155 1123 427 1183 suspiciant
451 1137 625 1167 omnes
650 1124 804 1166 vitam
827 1126 1063 1175 nostram,
1090 1119 1179 1166 sed
1203 1126 1490 1182 agnoscant.

103 1202 132 1250 6
239 1197 425 1256 “Quid
473 1200 629 1260 ergo?
720 1197 914 1244 Eadem
968 1196 1226 1254 faciemus,
1274 1213 1402 1260 quae
1458 1199 1648 1244 ceteri?
1708 1195 1710 1197 ’

157 1275 297 1322 Nihil
320 1279 454 1322 inter
477 1291 568 1322 nos
593 1281 647 1322 et
670 1275 781 1321 illos
805 1276 1071 1321 intererit?
1090 1275 1116 1290 ’'
1181 1274 1466 1321 Plurimum.
1537 1275 1649 1321 Dis-

155 1353 342 1400 similes
374 1368 482 1399 esse
518 1368 608 1398 nos
644 1352 794 1414 vulgo
830 1354 970 1409 sciat,
1003 1355 1089 1414 qui
1123 1355 1399 1414 inspexerit
1430 1355 1646 1414 propius.

154 1430 256 1489 Qui
288 1419 494 1477 domum
526 1433 802 1487 intraverit,
828 1446 918 1476 nos
950 1433 1115 1491 potius
1145 1432 1354 1476 miretur
1384 1446 1533 1492 quam
1570 1447 1649 1476 su-

154 1508 461 1571 pellectilem
498 1514 733 1554 nostram.
807 1507 1023 1570 Magnus
1055 1507 1142 1553 ille
1178 1514 1272 1566 est,
1297 1510 1383 1570 qui
1416 1507 1649 1555 fictilibus
1735 1542 1742 1546 -

154 1589 223 1633 sic
260 1589 422 1633 utitur
455 1584 881 1649 quemadmodum
915 1591 1140 1647 argento.
1216 1585 1322 1631 Nec
1362 1584 1448 1632 ille
1489 1589 1652 1632 minor

154 1670 248 1721 est,
274 1667 360 1727 qui
392 1667 461 1710 sic
497 1669 707 1726 argento
743 1666 904 1710 utitur
939 1662 1363 1726 quemadmodum
1398 1663 1645 1711 fictilibus.

156 1741 346 1787 Infirmi
370 1743 522 1787 animi
548 1747 626 1788 est
650 1744 753 1803 pati
779 1757 880 1787 non
907 1757 1050 1803 posse
1075 1740 1286 1787 divitias.

102 1821 131 1870 7
240 1817 342 1864 Sed
377 1824 435 1864 ut
477 1817 622 1864 huius
658 1833 857 1880 quoque
894 1817 996 1864 diei
1036 1817 1275 1864 lucellum
1310 1824 1480 1865 tecum
1516 1835 1649 1865 com-
1736 1831 1742 1837 ’·

155 1899 424 1953 municem,
459 1895 594 1958 apud
634 1895 952 1942 Hecatonem
988 1901 1212 1942 nostrum
1252 1900 1418 1942 inveni
1458 1897 1648 1959 cupidi-
1734 1880 1742 1952 Α,

153 1976 336 2020 tatium
383 1972 534 2018 finem
583 1975 736 2033 etiam
783 1972 846 2019 ad
892 1975 1084 2019 timoris
1125 1972 1347 2019 remedia
1393 1973 1645 2036 proficere.

155 2055 186 2077 “
206 2049 465 2107 Desines,’'
517 2053 698 2113 inquit,
746 2055 778 2077 “
792 2053 989 2108 timere,
1041 2053 1082 2096 si
1140 2066 1338 2112 sperare
1393 2051 1644 2099 desieris.’'

147 2127 335 2176 Dices:
374 2126 687 2186 “Quomodo
716 2130 812 2173 ista
836 2134 940 2174 tam
969 2127 1164 2174 diversa
1190 2131 1378 2190 pariter
1407 2129 1645 2177 eunt1?''

154 2204 234 2252 Ita
258 2212 352 2263 est,
371 2209 439 2251 mi
464 2204 626 2251 Lucili
644 2223 654 2251 ε
691 2221 805 2251 cum
826 2204 1090 2251 videantur
1106 2204 1364 2262 dissidere,
1383 2210 1650 2254 coniuncta

154 2289 284 2329 sunt.
372 2281 814 2340 Quemadmodum
849 2282 1027 2329 eadem
1063 2289 1241 2329 catena
1277 2290 1331 2331 et
1371 2284 1647 2331 custodiam

154 2366 208 2407 et
232 2360 444 2407 militem
471 2359 690 2422 copulat,
715 2363 784 2406 sic
808 2363 918 2417 ista,
944 2375 1071 2422 quae
1104 2366 1210 2406 tam
1233 2361 1491 2408 dissimilia
1515 2370 1648 2421 sunt,

471 2442 474 2445 ⁴
542 2446 556 2471 ¹
587 2451 690 2487 eunt
708 2445 968 2487 Volkmann
989 2463 1000 2494 ς
1028 2448 1130 2487 imm
1151 2445 1279 2488 MSS.

209 2552 231 2572 ‘⁸
257 2546 285 2587 i.
294 2559 346 2592 e.‚
369 2545 421 2586 of
435 2545 514 2586 the
534 2544 656 2587 Stoic
676 2544 841 2586 school.
1127 2546 1144 2571 ⁶
1177 2520 1308 2599 Frag.
1333 2548 1385 2586 25
1406 2545 1590 2590 Fowler.

159 2616 222 2658 22
