1742 2872
503 129 650 174 THE
686 128 1006 175 EPISTLES
1044 128 1134 175 OF
1170 128 1433 176 SENECA

224 237 384 295 Vatia,
419 240 473 282 in
507 252 659 299 quem
699 240 859 282 otium
900 252 1045 282 suum
1087 240 1282 300 pigrum
1324 242 1422 284 iam
1464 245 1517 285 et
1557 239 1713 286 senile

144 340 169 345 ‘*
235 330 498 377 conferret.

167 422 196 467 8
306 419 406 466 Sed
431 436 534 466 non
558 421 774 466 multum
798 420 862 467 ad
886 421 1305 483 tranquillitatem
1328 421 1465 468 locus
1490 422 1714 478 conferi-,3

221 515 414 559 animus
439 518 532 571 est,
558 516 643 575 qui
675 514 768 559 sibi
799 513 1121 560 commendet
1153 517 1330 560 omnia.
1403 513 1520 561 Vidi
1545 531 1640 577 ego
1664 518 1715 560 in

223 603 340 650 villa
358 603 503 651 hilari
522 610 575 651 et
594 621 804 650 amoena
822 611 1053 662 maestos,
1073 604 1175 651 vidi
1193 608 1246 651 in
1262 605 1428 652 media
1445 606 1716 653 solitudine

222 699 475 758 occupatis
521 695 718 742 similes.
793 694 961 753 Quare
1007 711 1110 742 non
1157 702 1235 743 est
1280 696 1415 759 quod
1462 700 1716 744 existimes

221 786 336 834 ideo
360 803 535 849 parum
572 788 703 834 bene
739 791 1053 850 conpositum
1091 803 1198 834 esse
1223 793 1294 846 te,
1318 788 1451 851 quod
1488 791 1540 834 in
1574 788 1715 835 Cam-

220 882 368 940 pania
405 895 504 925 non
541 894 608 926 es,
682 876 849 936 Quare
893 885 1064 926 autem
1102 895 1203 926 non
1242 881 1335 926 es?
1406 880 1523 927 Huc
1559 875 1742 944 usque}

169 973 197 1020 9
222 973 553 1033 cogitationes
586 976 698 1016 tuas
731 973 892 1016 mitte.
967 969 1257 1017 Conversari
1282 987 1396 1017 cum
1427 974 1596 1018 amicis
1630 972 1742 1043 abs

220 1061 447 1108 sentibus
494 1061 631 1118 licet,
669 1066 722 1108 et
763 1061 968 1124 quidem
1016 1065 1250 1124 quotiens
1297 1061 1437 1120 velis,
1478 1046 1742 1125 quamdiu³

221 1152 356 1199 velis.
414 1137 583 1216 'Magis
599 1152 692 1200 hac
712 1152 989 1216 voluptate,
1005 1169 1133 1216 quae
1153 1155 1366 1199 maxima
1382 1159 1475 1211 est,
1492 1153 1730 1213 fruimur„

220 1244 341 1291 dum
376 1244 623 1292 absumus.
700 1244 988 1291 Praesentia
1025 1247 1160 1291 enim
1188 1261 1278 1290 nos
1314 1243 1554 1291 delicatos
1579 1228 1738 1304 facit‚{

220 1342 274 1383 et
314 1339 431 1400 quia
477 1335 744 1399 aliquando
792 1352 891 1382 una
936 1336 1201 1399 loquimur,
1236 1335 1562 1393 ambulamus,
1599 1320 1731 1383 cons

220 1426 454 1485 sedimus,
481 1444 593 1474 cum
629 1427 822 1474 diducti
859 1444 1043 1485 sumus,
1068 1426 1196 1473 nihil
1219 1427 1284 1474 de
1308 1427 1383 1484 is,1
1411 1443 1534 1489 quos
1566 1427 1716 1475 modo

136 1518 197 1566 10
220 1519 449 1577 vidimus,
473 1523 762 1582 cogitamus.
837 1519 904 1566 Et
939 1518 1053 1566 ideo
1087 1535 1248 1582 aequo
1282 1522 1448 1565 animo
1473 1517 1602 1565 ferre
1627 1518 1715 1566 de·
1740 1570 1742 1574 ,

220 1611 395 1658 bemus
442 1611 736 1669 absentiam,
785 1614 901 1674 quia
947 1627 1096 1657 nemo
1142 1626 1245 1656 non
1298 1609 1515 1657 multum
1562 1585 1742 1684 etiam‘⁸

218 1703 566 1766 praesentibus
593 1703 750 1750 abest.
828 1703 962 1750 Pone
1000 1702 1081 1749 hic
1114 1705 1329 1765 primum
1363 1708 1539 1750 noctes
1574 1687 1742 1765 sepa-Ji

217 1802 365 1854 ratas,
401 1795 587 1843 deinde
623 1799 976 1859 occupationes
1019 1798 1219 1859 utrique
1258 1795 1492 1854 diversas,
1527 1795 1714 1843 deinde

218 1888 383 1936 studia
407 1894 616 1946 secreta,
641 1888 946 1934 suburbanas
981 1886 1350 1950 profectiones;
1387 1886 1577 1933 videbis
1612 1902 1730 1935 non,-

135 1979 191 2026 11
220 1981 435 2028 multum
454 1997 579 2039 esse,
594 1980 729 2044 quod
749 1981 891 2027 nobis
911 1982 1248 2042 peregrinatio
1266 1982 1457 2041 eripiat.
1508 1978 1713 2034 Amicus

218 2077 383 2120 animo
414 2072 743 2135 possidendus
780 2078 886 2128 est3
922 2071 1004 2118 hic
1039 2077 1210 2117 autem
1245 2086 1518 2133 numquam
1552 2071 1708 2123 abest.

219 2164 601 2227 Quemcumque
626 2163 752 2221 vult,
776 2162 962 2210 cotidie
987 2162 1138 2210 videt.

307 2257 483 2320 Itaque
502 2273 700 2303 mecum
717 2255 883 2313 stude,
903 2271 1102 2301 mecum
1121 2271 1261 2312 cena,
1279 2271 1478 2301 mecum
1496 2254 1706 2301 ambula.

220 2350 279 2397 In
303 2355 518 2413 angusto
543 2348 845 2405 vivebamus,
871 2351 910 2393 si
941 2350 1208 2410 quicquam
1239 2353 1373 2394 esset
1397 2348 1717 2409 cogitationi-3

219 2442 309 2489 bus
356 2441 562 2488 clusum.
636 2439 797 2486 Video
854 2445 924 2497 te,
970 2442 1039 2484 mi
1089 2438 1247 2485 Lucili
1266 2455 1276 2495 ;
1336 2454 1449 2484 cum
1496 2441 1713 2502 maxime¹¹

539 2526 554 2552 ¹
582 2527 633 2567 de
651 2526 690 2567 is
710 2525 895 2573 Hense;
924 2526 1014 2568 deis
1032 2538 1082 2566 or
1102 2526 1152 2567 de
1171 2525 1236 2566 his
1257 2524 1387 2567 MSS.
1677 2532 1711 2587 f

219 2596 317 2643 370
1684 2590 1698 2597 ‘
