1742 2872
503 130 651 176 THE
688 129 1008 178 EPISTLES
1046 130 1136 178 OF
1171 129 1439 177 SENECA

217 240 308 287 sed
331 240 640 286 naturalibus
665 243 823 287 causis
846 243 900 286 in
923 246 1118 287 tantam
1142 240 1403 287 laxitatem
1435 246 1716 299 excavatus,

153 311 176 316 *v
218 335 439 378 animum
464 338 609 378 tuum
633 331 849 394 quadam
873 332 1129 394 religionis
1149 335 1430 394 suspicione
1449 336 1713 394 percutiet.

132 432 134 434 '
223 424 522 486 Magnorum
563 422 819 469 fluminum
861 426 1026 485 capita
1067 439 1391 479 veneramur3
1450 424 1616 470 subita
1656 422 1727 470 ex‘

219 515 392 562 abdito
439 517 567 561 vasti
613 518 771 561 amnis
825 518 1022 576 eruptio
1073 530 1180 560 aras
1233 513 1419 570 habet;
1489 514 1721 562 coluntur

0 641 79 678 ‚N
218 623 459 670 aquarum
501 607 772 654 calentium
814 606 998 664 fontes,
1035 612 1089 653 et
1129 611 1308 668 stagna
1349 606 1594 669 quaedam
1640 588 1742 654 vel⁴

24 683 196 759 &4
221 702 441 761 opacitas
472 698 551 745 vel
585 701 812 744 inmensa
842 697 1059 744 altitudo
1093 701 1315 744 sacravit.
1389 696 1442 744 Si
1466 696 1721 746 hominem

219 790 401 838 videris
441 793 729 837 interritum
770 789 1020 852 periculiS,
1055 792 1303 836 intactum
1345 789 1721 852 cupiditatibus,

218 885 353 928 inter
376 881 583 928 adversa
614 881 827 937 felicem,
856 884 910 927 in
940 880 1120 927 mediis
1153 882 1539 944 tempestatibus
1570 882 1742 945 placi-'5

219 974 357 1031 dum,
383 990 445 1020 ex
469 976 724 1036 superiore
756 973 866 1019 loco
903 971 1131 1019 homines
1165 972 1442 1031 videntem,
1467 990 1528 1020 ex
1561 954 1742 1042 aequo}=

222 1066 360 1140 deps,
401 1083 504 1113 non
547 1066 735 1112 subibit
783 1071 836 1112 te
879 1067 1138 1112 veneratio
1180 1065 1322 1111 eius?
1394 1065 1510 1111 Non
1557 1054 1742 1126 diceszff

219 1163 251 1186 “
270 1141 373 1205 ista
403 1174 482 1205 res
514 1161 671 1204 maior
703 1164 781 1204 est
816 1157 1063 1220 altiorque
1099 1173 1247 1219 quam
1284 1162 1342 1203 ut
1378 1157 1514 1204 credi
1549 1128 1742 1214 similias}

222 1250 354 1308 huic,
378 1254 431 1297 in
462 1267 562 1314 quo
598 1256 693 1308 est,
719 1249 1011 1312 corpusculo
1044 1251 1236 1312 possit?
1308 1249 1393 1296 Vis
1427 1253 1524 1297 isto
1556 1250 1742 1300 divina'

170 1349 200 1395 5
220 1341 531 1390 descendit.’'
580 1341 820 1388 Animum
840 1341 1194 1400 excellentem,
1212 1340 1543 1399 moderatum,
1559 1345 1742 1409 omnia:

1724 1423 1742 1459 ⁴

219 1441 475 1499 tamquam
527 1438 719 1481 minora
776 1440 1141 1492 transeuntem,
1196 1434 1434 1498 quicquid
1487 1439 1721 1483 timemus

220 1534 550 1590 optamusque
570 1526 839 1584 ridentem,
856 1526 1085 1573 caelestis
1110 1529 1339 1589 potentia
1358 1530 1532 1590 agitat.
1605 1527 1737 1575 Non*

221 1625 391 1682 potest
410 1635 498 1679 res*
508 1625 652 1665 tanta
671 1622 779 1665 sine
798 1617 1104 1665 adminiculo
1120 1621 1338 1664 numinis
1355 1624 1499 1665 stare.
1541 1618 1722 1682 Itaque

220 1715 405 1758 maiore
438 1715 512 1757 sui
538 1717 680 1773 parte
704 1711 806 1757 illic
831 1716 926 1769 est,
952 1710 1086 1757 unde
1113 1709 1392 1757 descendit.
1466 1709 1721 1767 Quemad-

221 1804 423 1851 modum
458 1803 582 1850 radii
615 1804 729 1851 solis
755 1807 1057 1866 contingunt
1082 1802 1288 1865 quidem
1312 1808 1513 1860 terram,
1538 1802 1626 1850 sed
1651 1791 1742 1851 ibii

222 1903 354 1953 sunt,
392 1896 527 1943 unde
563 1899 864 1951 mittuntur3
913 1899 981 1941 sic
1016 1898 1211 1941 animus
1246 1910 1474 1964 magnus⁶
1491 1911 1548 1941 ac
1584 1869 1742 2006 saeclis

221 1994 275 2035 et
315 1991 367 2033 in
410 1987 503 2034 hoc
551 1987 811 2046 demissus,
854 1993 910 2033 ut
951 1986 1185 2050 propius1
1233 1985 1401 2032 divina
1446 2001 1729 2051 nossemus,

222 2084 543 2127 conversatur
593 2078 799 2142 quidem
850 2079 1126 2135 nobiscum,
1182 2077 1271 2124 sed
1317 2077 1493 2123 haeret
1541 2076 1720 2140 origini

223 2187 371 2227 suae;
412 2170 550 2217 illinc
586 2171 795 2233 pendet,
830 2170 949 2217 illuc
984 2175 1180 2232 spectat
1216 2186 1272 2215 ac
1308 2172 1502 2226 nititur,
1538 2170 1729 2215 nostris¹

223 2270 477 2326 tamquam
502 2263 680 2309 melior
702 2266 929 2309 interest.

172 2369 200 2416 6
307 2353 432 2412 Quis
465 2360 542 2401 est
578 2370 697 2416 ergo
732 2353 814 2400 hic
848 2355 1079 2400 animus?
1148 2352 1250 2411 Qui
1284 2353 1423 2399 nullo
1458 2353 1589 2398 bono
1623 2353 1715 2426 nis'i

289 2472 304 2497 ¹
333 2471 467 2513 After
480 2471 666 2526 propius
680 2471 870 2525 pLPbM
888 2471 978 2511 add
997 2471 1180 2525 quidem.
1240 2470 1398 2512 Hense
1413 2470 1558 2511 would
1574 2469 1719 2524 prefer

225 2527 434 2580 quiddam
453 2526 605 2569 divini.

226 2593 323 2641 274·
