<?xml version="1.0" encoding="UTF-8"?>
<!DOCTYPE html PUBLIC "-//W3C//DTD XHTML 1.0 Transitional//EN"
    "http://www.w3.org/TR/xhtml1/DTD/xhtml1-transitional.dtd">
<html xmlns="http://www.w3.org/1999/xhtml" xml:lang="en" lang="en">
 <head>
  <title>
</title>
<meta http-equiv="Content-Type" content="text/html;charset=utf-8" />
  <meta name='ocr-system' content='tesseract 3.04.00' />
  <meta name='ocr-capabilities' content='ocr_page ocr_carea ocr_par ocr_line ocrx_word'/>
</head>
<body>
  <div class='ocr_page' id='page_1' title='image "adluciliumepistu01seneuoft_0034.png"; bbox 0 0 1742 2872; ppageno 0'>
   <div class='ocr_carea' id='block_1_1' title="bbox 474 160 1407 210">
    <p class='ocr_par' dir='ltr' id='par_1_1' title="bbox 474 160 1407 210">
     <span class='ocr_line' id='line_1_1' title="bbox 474 160 1407 210; baseline -0.001 -1"><span class='ocrx_word' id='word_1_1' title='bbox 474 162 621 209; x_wconf 91' lang='lat' dir='ltr'>THE</span> <span class='ocrx_word' id='word_1_2' title='bbox 659 161 979 210; x_wconf 90' lang='lat' dir='ltr'>EPISTLES</span> <span class='ocrx_word' id='word_1_3' title='bbox 1016 160 1106 209; x_wconf 92' lang='lat' dir='ltr'>OF</span> <span class='ocrx_word' id='word_1_4' title='bbox 1141 161 1407 210; x_wconf 92' lang='lat' dir='ltr'><strong>SENECA</strong></span> 
     </span>
    </p>
   </div>
   <div class='ocr_carea' id='block_1_2' title="bbox 111 269 1699 2367">
    <p class='ocr_par' dir='ltr' id='par_1_2' title="bbox 192 269 1691 336">
     <span class='ocr_line' id='line_1_2' title="bbox 192 269 1691 336; baseline -0.001 -17"><span class='ocrx_word' id='word_1_5' title='bbox 192 272 362 319; x_wconf 77' lang='lat' dir='ltr'>dixisti</span> <span class='ocrx_word' id='word_1_6' title='bbox 402 276 617 319; x_wconf 91' lang='lat' dir='ltr'>amicum</span> <span class='ocrx_word' id='word_1_7' title='bbox 659 278 712 319; x_wconf 90' lang='lat' dir='ltr'>et</span> <span class='ocrx_word' id='word_1_8' title='bbox 750 276 962 334; x_wconf 75' lang='lat' dir='ltr'>negasti.</span> <span class='ocrx_word' id='word_1_9' title='bbox 1038 272 1217 336; x_wconf 89' lang='lat' dir='ltr'>Itaque</span> <span class='ocrx_word' id='word_1_10' title='bbox 1254 273 1327 319; x_wconf 92' lang='lat' dir='ltr'>si1</span> <span class='ocrx_word' id='word_1_11' title='bbox 1371 275 1568 334; x_wconf 90' lang='lat' dir='ltr'>proprio</span> <span class='ocrx_word' id='word_1_12' title='bbox 1603 269 1691 317; x_wconf 80' lang='lat' dir='ltr'>illo</span> 
     </span>
    </p>

    <p class='ocr_par' dir='ltr' id='par_1_3' title="bbox 111 349 1693 601">
     <span class='ocr_line' id='line_1_3' title="bbox 111 349 1691 424; baseline 0 -19"><span class='ocrx_word' id='word_1_13' title='bbox 111 402 133 405; x_wconf 12' lang='grc' dir='ltr'>,γ</span> <span class='ocrx_word' id='word_1_14' title='bbox 193 361 345 406; x_wconf 92' lang='lat' dir='ltr'>verbo</span> <span class='ocrx_word' id='word_1_15' title='bbox 361 365 500 424; x_wconf 87' lang='lat' dir='ltr'>quasi</span> <span class='ocrx_word' id='word_1_16' title='bbox 517 361 718 423; x_wconf 92' lang='lat' dir='ltr'>publico</span> <span class='ocrx_word' id='word_1_17' title='bbox 740 378 855 407; x_wconf 91' lang='lat' dir='ltr'>usus</span> <span class='ocrx_word' id='word_1_18' title='bbox 871 377 924 407; x_wconf 93' lang='lat' dir='ltr'>es</span> <span class='ocrx_word' id='word_1_19' title='bbox 944 367 998 407; x_wconf 91' lang='lat' dir='ltr'>et</span> <span class='ocrx_word' id='word_1_20' title='bbox 1014 365 1082 407; x_wconf 92' lang='lat' dir='ltr'>sic</span> <span class='ocrx_word' id='word_1_21' title='bbox 1098 349 1242 407; x_wconf 87' lang='lat' dir='ltr'>illum</span> <span class='ocrx_word' id='word_1_22' title='bbox 1257 363 1472 407; x_wconf 91' lang='lat' dir='ltr'>amicum</span> <span class='ocrx_word' id='word_1_23' title='bbox 1488 363 1691 416; x_wconf 84' lang='lat' dir='ltr'>vocasti,</span> 
     </span>
     <span class='ocr_line' id='line_1_4' title="bbox 193 448 1691 511; baseline 0 -17"><span class='ocrx_word' id='word_1_24' title='bbox 193 450 444 511; x_wconf 89' lang='lat' dir='ltr'>quomodo</span> <span class='ocrx_word' id='word_1_25' title='bbox 501 466 675 496; x_wconf 85' lang='lat' dir='ltr'>omnes</span> <span class='ocrx_word' id='word_1_26' title='bbox 725 449 1018 496; x_wconf 87' lang='lat' dir='ltr'>candidatos</span> <span class='ocrx_word' id='word_1_27' title='bbox 1071 449 1227 495; x_wconf 89' lang='lat' dir='ltr'>bonos</span> <span class='ocrx_word' id='word_1_28' title='bbox 1281 453 1409 495; x_wconf 89' lang='lat' dir='ltr'>viros</span> <span class='ocrx_word' id='word_1_29' title='bbox 1462 448 1691 505; x_wconf 83' lang='lat' dir='ltr'>dicimus,</span> 
     </span>
     <span class='ocr_line' id='line_1_5' title="bbox 194 537 1693 601; baseline -0.002 -16"><span class='ocrx_word' id='word_1_30' title='bbox 194 539 444 601; x_wconf 91' lang='lat' dir='ltr'>quomodo</span> <span class='ocrx_word' id='word_1_31' title='bbox 485 539 673 596; x_wconf 90' lang='lat' dir='ltr'>obvios,</span> <span class='ocrx_word' id='word_1_32' title='bbox 709 542 749 586; x_wconf 91' lang='lat' dir='ltr'>si</span> <span class='ocrx_word' id='word_1_33' title='bbox 791 555 978 585; x_wconf 91' lang='lat' dir='ltr'>nomen</span> <span class='ocrx_word' id='word_1_34' title='bbox 1020 555 1122 584; x_wconf 93' lang='lat' dir='ltr'>non</span> <span class='ocrx_word' id='word_1_35' title='bbox 1164 541 1423 596; x_wconf 79' lang='lat' dir='ltr'>succurrit,</span> <span class='ocrx_word' id='word_1_36' title='bbox 1466 537 1693 583; x_wconf 91' lang='lat' dir='ltr'>dominos</span> 
     </span>
    </p>

    <p class='ocr_par' dir='ltr' id='par_1_4' title="bbox 143 627 1699 1485">
     <span class='ocr_line' id='line_1_6' title="bbox 143 627 1691 690; baseline -0.001 -17"><span class='ocrx_word' id='word_1_37' title='bbox 143 628 171 673; x_wconf 85' lang='lat'>2</span> <span class='ocrx_word' id='word_1_38' title='bbox 194 627 483 686; x_wconf 81' lang='lat' dir='ltr'>salutamus,</span> <span class='ocrx_word' id='word_1_39' title='bbox 530 627 624 673; x_wconf 92' lang='lat' dir='ltr'>hac</span> <span class='ocrx_word' id='word_1_40' title='bbox 671 629 864 674; x_wconf 89' lang='lat' dir='ltr'>abierit.</span> <span class='ocrx_word' id='word_1_41' title='bbox 961 627 1062 674; x_wconf 92' lang='lat' dir='ltr'>Sed</span> <span class='ocrx_word' id='word_1_42' title='bbox 1115 630 1156 673; x_wconf 94' lang='lat' dir='ltr'>si</span> <span class='ocrx_word' id='word_1_43' title='bbox 1207 627 1427 690; x_wconf 85' lang='lat' dir='ltr'>aliquem</span> <span class='ocrx_word' id='word_1_44' title='bbox 1478 629 1691 672; x_wconf 89' lang='lat' dir='ltr'>amicum</span> 
     </span>
     <span class='ocr_line' id='line_1_7' title="bbox 195 715 1693 778; baseline -0.001 -16"><span class='ocrx_word' id='word_1_45' title='bbox 195 719 466 775; x_wconf 87' lang='lat' dir='ltr'>existimas,</span> <span class='ocrx_word' id='word_1_46' title='bbox 503 719 583 763; x_wconf 91' lang='lat' dir='ltr'>cui</span> <span class='ocrx_word' id='word_1_47' title='bbox 622 734 725 763; x_wconf 93' lang='lat' dir='ltr'>non</span> <span class='ocrx_word' id='word_1_48' title='bbox 762 716 1065 762; x_wconf 88' lang='lat' dir='ltr'>tantundem</span> <span class='ocrx_word' id='word_1_49' title='bbox 1104 716 1264 762; x_wconf 90' lang='lat' dir='ltr'>credis</span> <span class='ocrx_word' id='word_1_50' title='bbox 1302 722 1547 778; x_wconf 88' lang='lat' dir='ltr'>quantum</span> <span class='ocrx_word' id='word_1_51' title='bbox 1582 715 1693 767; x_wconf 74' lang='lat' dir='ltr'>tibi,</span> 
     </span>
     <span class='ocr_line' id='line_1_8' title="bbox 195 804 1695 852; baseline -0.001 -2"><span class='ocrx_word' id='word_1_52' title='bbox 195 804 525 851; x_wconf 87' lang='lat' dir='ltr'>vehementer</span> <span class='ocrx_word' id='word_1_53' title='bbox 559 821 689 852; x_wconf 89' lang='lat' dir='ltr'>erras</span> <span class='ocrx_word' id='word_1_54' title='bbox 727 812 780 852; x_wconf 90' lang='lat' dir='ltr'>et</span> <span class='ocrx_word' id='word_1_55' title='bbox 816 822 917 851; x_wconf 90' lang='lat' dir='ltr'>non</span> <span class='ocrx_word' id='word_1_56' title='bbox 951 809 1068 850; x_wconf 90' lang='lat' dir='ltr'>satis</span> <span class='ocrx_word' id='word_1_57' title='bbox 1100 807 1234 850; x_wconf 90' lang='lat' dir='ltr'>nosti</span> <span class='ocrx_word' id='word_1_58' title='bbox 1267 807 1366 850; x_wconf 90' lang='lat' dir='ltr'>vim</span> <span class='ocrx_word' id='word_1_59' title='bbox 1400 820 1544 850; x_wconf 88' lang='lat' dir='ltr'>verae</span> <span class='ocrx_word' id='word_1_60' title='bbox 1574 806 1695 848; x_wconf 92' lang='lat' dir='ltr'>ami-</span> 
     </span>
     <span class='ocr_line' id='line_1_9' title="bbox 194 890 1696 949; baseline 0 -11"><span class='ocrx_word' id='word_1_61' title='bbox 194 895 356 938; x_wconf 90' lang='lat' dir='ltr'>citiae.</span> <span class='ocrx_word' id='word_1_62' title='bbox 430 892 506 939; x_wconf 92' lang='lat' dir='ltr'>Tu</span> <span class='ocrx_word' id='word_1_63' title='bbox 542 909 658 940; x_wconf 88' lang='lat' dir='ltr'>vero</span> <span class='ocrx_word' id='word_1_64' title='bbox 694 896 862 939; x_wconf 89' lang='lat' dir='ltr'>omnia</span> <span class='ocrx_word' id='word_1_65' title='bbox 897 909 1010 939; x_wconf 91' lang='lat' dir='ltr'>cum</span> <span class='ocrx_word' id='word_1_66' title='bbox 1042 895 1201 939; x_wconf 91' lang='lat' dir='ltr'>amico</span> <span class='ocrx_word' id='word_1_67' title='bbox 1235 892 1475 949; x_wconf 86' lang='lat' dir='ltr'>delibera,</span> <span class='ocrx_word' id='word_1_68' title='bbox 1509 891 1598 938; x_wconf 92' lang='lat' dir='ltr'>sed</span> <span class='ocrx_word' id='word_1_69' title='bbox 1630 890 1696 938; x_wconf 88' lang='lat' dir='ltr'>de</span> 
     </span>
     <span class='ocr_line' id='line_1_10' title="bbox 195 974 1695 1043; baseline 0 -17"><span class='ocrx_word' id='word_1_70' title='bbox 195 983 303 1043; x_wconf 90' lang='lat' dir='ltr'>ipso</span> <span class='ocrx_word' id='word_1_71' title='bbox 351 983 499 1042; x_wconf 85' lang='lat' dir='ltr'>prius.</span> <span class='ocrx_word' id='word_1_72' title='bbox 595 981 711 1028; x_wconf 89' lang='lat' dir='ltr'>Post</span> <span class='ocrx_word' id='word_1_73' title='bbox 757 984 1028 1027; x_wconf 86' lang='lat' dir='ltr'>amicitiam</span> <span class='ocrx_word' id='word_1_74' title='bbox 1077 974 1398 1027; x_wconf 36' lang='lat' dir='ltr'>credendum⁷</span> <span class='ocrx_word' id='word_1_75' title='bbox 1434 986 1528 1038; x_wconf 85' lang='lat' dir='ltr'>est,</span> <span class='ocrx_word' id='word_1_76' title='bbox 1575 985 1695 1026; x_wconf 79' lang='lat' dir='ltr'>ante</span> 
     </span>
     <span class='ocr_line' id='line_1_11' title="bbox 195 1068 1698 1131; baseline -0.001 -16"><span class='ocrx_word' id='word_1_77' title='bbox 195 1073 466 1116; x_wconf 87' lang='lat' dir='ltr'>amicitiam</span> <span class='ocrx_word' id='word_1_78' title='bbox 499 1069 837 1118; x_wconf 86' lang='lat' dir='ltr'>iudicandum.</span> <span class='ocrx_word' id='word_1_79' title='bbox 913 1070 1003 1116; x_wconf 88' lang='lat' dir='ltr'>Isti</span> <span class='ocrx_word' id='word_1_80' title='bbox 1038 1085 1156 1116; x_wconf 89' lang='lat' dir='ltr'>vero</span> <span class='ocrx_word' id='word_1_81' title='bbox 1185 1075 1506 1131; x_wconf 89' lang='lat' dir='ltr'>praepostero</span> <span class='ocrx_word' id='word_1_82' title='bbox 1541 1068 1698 1114; x_wconf 85' lang='lat' dir='ltr'>officia</span> 
     </span>
     <span class='ocr_line' id='line_1_12' title="bbox 197 1157 1698 1220; baseline -0.001 -18"><span class='ocrx_word' id='word_1_83' title='bbox 197 1161 519 1219; x_wconf 86' lang='lat' dir='ltr'>permiscent,</span> <span class='ocrx_word' id='word_1_84' title='bbox 554 1160 640 1220; x_wconf 89' lang='lat' dir='ltr'>qui</span> <span class='ocrx_word' id='word_1_85' title='bbox 677 1164 851 1203; x_wconf 88' lang='lat' dir='ltr'>contra</span> <span class='ocrx_word' id='word_1_86' title='bbox 886 1163 1155 1220; x_wconf 83' lang='lat' dir='ltr'>praecepta</span> <span class='ocrx_word' id='word_1_87' title='bbox 1198 1157 1547 1219; x_wconf 88' lang='lat' dir='ltr'>Theophrasti,</span> <span class='ocrx_word' id='word_1_88' title='bbox 1584 1171 1698 1201; x_wconf 90' lang='lat' dir='ltr'>cum</span> 
     </span>
     <span class='ocr_line' id='line_1_13' title="bbox 197 1245 1694 1304; baseline -0.001 -14"><span class='ocrx_word' id='word_1_89' title='bbox 197 1251 504 1304; x_wconf 87' lang='lat' dir='ltr'>amaverunt,</span> <span class='ocrx_word' id='word_1_90' title='bbox 528 1246 769 1304; x_wconf 78' lang='lat' dir='ltr'>iudicant,</span> <span class='ocrx_word' id='word_1_91' title='bbox 790 1252 845 1293; x_wconf 90' lang='lat' dir='ltr'>et</span> <span class='ocrx_word' id='word_1_92' title='bbox 867 1262 970 1292; x_wconf 91' lang='lat' dir='ltr'>non</span> <span class='ocrx_word' id='word_1_93' title='bbox 988 1251 1176 1304; x_wconf 89' lang='lat' dir='ltr'>amant,</span> <span class='ocrx_word' id='word_1_94' title='bbox 1196 1261 1307 1292; x_wconf 92' lang='lat' dir='ltr'>cum</span> <span class='ocrx_word' id='word_1_95' title='bbox 1334 1245 1694 1292; x_wconf 86' lang='lat' dir='ltr'>iudicaverunt.</span> 
     </span>
     <span class='ocr_line' id='line_1_14' title="bbox 200 1331 1699 1397; baseline 0 -19"><span class='ocrx_word' id='word_1_96' title='bbox 200 1332 300 1379; x_wconf 94' lang='lat' dir='ltr'>Diu</span> <span class='ocrx_word' id='word_1_97' title='bbox 335 1336 517 1396; x_wconf 87' lang='lat' dir='ltr'>cogita,</span> <span class='ocrx_word' id='word_1_98' title='bbox 549 1350 614 1379; x_wconf 90' lang='lat' dir='ltr'>an</span> <span class='ocrx_word' id='word_1_99' title='bbox 647 1335 740 1380; x_wconf 91' lang='lat' dir='ltr'>tibi</span> <span class='ocrx_word' id='word_1_100' title='bbox 773 1336 827 1379; x_wconf 92' lang='lat' dir='ltr'>in</span> <span class='ocrx_word' id='word_1_101' title='bbox 858 1337 1128 1380; x_wconf 83' lang='lat' dir='ltr'>amicitiam</span> <span class='ocrx_word' id='word_1_102' title='bbox 1167 1333 1345 1397; x_wconf 88' lang='lat' dir='ltr'>aliquis</span> <span class='ocrx_word' id='word_1_103' title='bbox 1380 1331 1699 1395; x_wconf 87' lang='lat' dir='ltr'>recipiendus</span> 
     </span>
     <span class='ocr_line' id='line_1_15' title="bbox 198 1421 1698 1485; baseline 0 -18"><span class='ocrx_word' id='word_1_104' title='bbox 198 1425 276 1471; x_wconf 86' lang='lat' dir='ltr'>sit.</span> <span class='ocrx_word' id='word_1_105' title='bbox 351 1421 475 1468; x_wconf 90' lang='lat' dir='ltr'>Cum</span> <span class='ocrx_word' id='word_1_106' title='bbox 501 1421 748 1484; x_wconf 89' lang='lat' dir='ltr'>placuerit</span> <span class='ocrx_word' id='word_1_107' title='bbox 772 1422 894 1480; x_wconf 90' lang='lat' dir='ltr'>fieri,</span> <span class='ocrx_word' id='word_1_108' title='bbox 919 1428 1028 1469; x_wconf 89' lang='lat' dir='ltr'>toto</span> <span class='ocrx_word' id='word_1_109' title='bbox 1053 1421 1197 1468; x_wconf 90' lang='lat' dir='ltr'>illum</span> <span class='ocrx_word' id='word_1_110' title='bbox 1222 1428 1426 1485; x_wconf 88' lang='lat' dir='ltr'>pectore</span> <span class='ocrx_word' id='word_1_111' title='bbox 1451 1421 1698 1475; x_wconf 87' lang='lat' dir='ltr'>admitte;</span> 
     </span>
    </p>

    <p class='ocr_par' dir='ltr' id='par_1_5' title="bbox 147 1508 1699 2367">
     <span class='ocr_line' id='line_1_16' title="bbox 147 1508 1696 1575; baseline -0.002 -18"><span class='ocrx_word' id='word_1_112' title='bbox 147 1511 175 1557; x_wconf 88' lang='lat'><strong>3</strong></span> <span class='ocrx_word' id='word_1_113' title='bbox 198 1516 302 1556; x_wconf 85' lang='lat' dir='ltr'>tam</span> <span class='ocrx_word' id='word_1_114' title='bbox 342 1510 602 1558; x_wconf 85' lang='lat' dir='ltr'>audaciter</span> <span class='ocrx_word' id='word_1_115' title='bbox 639 1528 752 1557; x_wconf 90' lang='lat' dir='ltr'>cum</span> <span class='ocrx_word' id='word_1_116' title='bbox 794 1511 880 1558; x_wconf 94' lang='lat' dir='ltr'>illo</span> <span class='ocrx_word' id='word_1_117' title='bbox 927 1511 1132 1575; x_wconf 90' lang='lat' dir='ltr'>loquere</span> <span class='ocrx_word' id='word_1_118' title='bbox 1175 1528 1324 1574; x_wconf 92' lang='lat' dir='ltr'>quam</span> <span class='ocrx_word' id='word_1_119' title='bbox 1366 1517 1549 1558; x_wconf 87' lang='lat' dir='ltr'>tecum.</span> <span class='ocrx_word' id='word_1_120' title='bbox 1623 1508 1696 1555; x_wconf 93' lang='lat' dir='ltr'>Tu</span> 
     </span>
     <span class='ocr_line' id='line_1_17' title="bbox 198 1595 1699 1662; baseline -0.001 -18"><span class='ocrx_word' id='word_1_121' title='bbox 198 1598 403 1662; x_wconf 91' lang='lat' dir='ltr'>quidem</span> <span class='ocrx_word' id='word_1_122' title='bbox 445 1603 516 1645; x_wconf 87' lang='lat' dir='ltr'>ita</span> <span class='ocrx_word' id='word_1_123' title='bbox 551 1603 678 1657; x_wconf 91' lang='lat' dir='ltr'>vive,</span> <span class='ocrx_word' id='word_1_124' title='bbox 715 1606 771 1646; x_wconf 88' lang='lat' dir='ltr'>ut</span> <span class='ocrx_word' id='word_1_125' title='bbox 807 1599 933 1645; x_wconf 91' lang='lat' dir='ltr'>nihil</span> <span class='ocrx_word' id='word_1_126' title='bbox 969 1600 1062 1646; x_wconf 91' lang='lat' dir='ltr'>tibi</span> <span class='ocrx_word' id='word_1_127' title='bbox 1098 1603 1398 1657; x_wconf 86' lang='lat' dir='ltr'>committas,</span> <span class='ocrx_word' id='word_1_128' title='bbox 1433 1602 1528 1645; x_wconf 88' lang='lat' dir='ltr'>nisi</span> <span class='ocrx_word' id='word_1_129' title='bbox 1565 1595 1699 1661; x_wconf 93' lang='lat' dir='ltr'>quod</span> 
     </span>
     <span class='ocr_line' id='line_1_18' title="bbox 199 1687 1697 1750; baseline 0 -18"><span class='ocrx_word' id='word_1_130' title='bbox 199 1690 516 1733; x_wconf 86' lang='lat' dir='ltr'>committere</span> <span class='ocrx_word' id='word_1_131' title='bbox 543 1691 695 1733; x_wconf 85' lang='lat' dir='ltr'>etiam</span> <span class='ocrx_word' id='word_1_132' title='bbox 722 1691 923 1734; x_wconf 89' lang='lat' dir='ltr'>inimico</span> <span class='ocrx_word' id='word_1_133' title='bbox 948 1694 1038 1734; x_wconf 92' lang='lat' dir='ltr'>tuo</span> <span class='ocrx_word' id='word_1_134' title='bbox 1063 1691 1251 1750; x_wconf 88' lang='lat' dir='ltr'>possis;</span> <span class='ocrx_word' id='word_1_135' title='bbox 1286 1687 1375 1734; x_wconf 90' lang='lat' dir='ltr'>sed</span> <span class='ocrx_word' id='word_1_136' title='bbox 1400 1691 1517 1750; x_wconf 90' lang='lat' dir='ltr'>quia</span> <span class='ocrx_word' id='word_1_137' title='bbox 1540 1691 1697 1734; x_wconf 88' lang='lat' dir='ltr'>inter-</span> 
     </span>
     <span class='ocr_line' id='line_1_19' title="bbox 198 1776 1697 1840; baseline 0.002 -19"><span class='ocrx_word' id='word_1_138' title='bbox 198 1778 411 1822; x_wconf 89' lang='lat' dir='ltr'>veniunt</span> <span class='ocrx_word' id='word_1_139' title='bbox 440 1776 703 1839; x_wconf 83' lang='lat' dir='ltr'>quaedam,</span> <span class='ocrx_word' id='word_1_140' title='bbox 728 1793 855 1840; x_wconf 87' lang='lat' dir='ltr'>quae</span> <span class='ocrx_word' id='word_1_141' title='bbox 881 1776 1193 1823; x_wconf 91' lang='lat' dir='ltr'>consuetudo</span> <span class='ocrx_word' id='word_1_142' title='bbox 1218 1776 1342 1823; x_wconf 89' lang='lat' dir='ltr'>fecit</span> <span class='ocrx_word' id='word_1_143' title='bbox 1365 1793 1558 1834; x_wconf 87' lang='lat' dir='ltr'>arcana,</span> <span class='ocrx_word' id='word_1_144' title='bbox 1584 1793 1697 1824; x_wconf 91' lang='lat' dir='ltr'>cum</span> 
     </span>
     <span class='ocr_line' id='line_1_20' title="bbox 199 1867 1693 1927; baseline 0.003 -19"><span class='ocrx_word' id='word_1_145' title='bbox 199 1867 359 1909; x_wconf 88' lang='lat' dir='ltr'>amico</span> <span class='ocrx_word' id='word_1_146' title='bbox 400 1880 574 1911; x_wconf 90' lang='lat' dir='ltr'>omnes</span> <span class='ocrx_word' id='word_1_147' title='bbox 610 1881 767 1922; x_wconf 82' lang='lat' dir='ltr'>curas,</span> <span class='ocrx_word' id='word_1_148' title='bbox 805 1881 978 1911; x_wconf 90' lang='lat' dir='ltr'>omnes</span> <span class='ocrx_word' id='word_1_149' title='bbox 1015 1867 1346 1927; x_wconf 87' lang='lat' dir='ltr'>cogitationes</span> <span class='ocrx_word' id='word_1_150' title='bbox 1381 1871 1493 1912; x_wconf 88' lang='lat' dir='ltr'>tuas</span> <span class='ocrx_word' id='word_1_151' title='bbox 1529 1868 1693 1912; x_wconf 88' lang='lat' dir='ltr'>misce.</span> 
     </span>
     <span class='ocr_line' id='line_1_21' title="bbox 204 1951 1698 2016; baseline 0.002 -19"><span class='ocrx_word' id='word_1_152' title='bbox 204 1951 429 1998; x_wconf 90' lang='lat' dir='ltr'>Fidelem</span> <span class='ocrx_word' id='word_1_153' title='bbox 477 1955 517 1998; x_wconf 91' lang='lat' dir='ltr'>si</span> <span class='ocrx_word' id='word_1_154' title='bbox 562 1957 828 2014; x_wconf 87' lang='lat' dir='ltr'>putaveris,</span> <span class='ocrx_word' id='word_1_155' title='bbox 865 1953 1031 2000; x_wconf 80' lang='lat' dir='ltr'>facies,</span> <span class='ocrx_word' id='word_1_156' title='bbox 1109 1953 1236 1999; x_wconf 91' lang='lat' dir='ltr'>Nam</span> <span class='ocrx_word' id='word_1_157' title='bbox 1278 1952 1482 2016; x_wconf 89' lang='lat' dir='ltr'>quidam</span> <span class='ocrx_word' id='word_1_158' title='bbox 1525 1951 1698 2000; x_wconf 86' lang='lat' dir='ltr'>fallere</span> 
     </span>
     <span class='ocr_line' id='line_1_22' title="bbox 201 2031 1697 2103; baseline 0.002 -18"><span class='ocrx_word' id='word_1_159' title='bbox 201 2039 498 2098; x_wconf 89' lang='lat' dir='ltr'>docuerunt,</span> <span class='ocrx_word' id='word_1_160' title='bbox 540 2041 661 2087; x_wconf 90' lang='lat' dir='ltr'>dum</span> <span class='ocrx_word' id='word_1_161' title='bbox 708 2044 894 2088; x_wconf 86' lang='lat' dir='ltr'>timent</span> <span class='ocrx_word' id='word_1_162' title='bbox 941 2040 1065 2098; x_wconf 89' lang='lat' dir='ltr'>falli,</span> <span class='ocrx_word' id='word_1_163' title='bbox 1114 2047 1167 2087; x_wconf 89' lang='lat' dir='ltr'>et</span> <span class='ocrx_word' id='word_1_164' title='bbox 1212 2041 1286 2087; x_wconf 90' lang='lat' dir='ltr'>illi</span> <span class='ocrx_word' id='word_1_165' title='bbox 1313 2031 1409 2087; x_wconf 50' lang='lat' dir='ltr'>&#39;ius</span> <span class='ocrx_word' id='word_1_166' title='bbox 1456 2042 1697 2103; x_wconf 88' lang='lat' dir='ltr'>peccandi</span> 
     </span>
     <span class='ocr_line' id='line_1_23' title="bbox 201 2128 1699 2192; baseline 0.001 -18"><span class='ocrx_word' id='word_1_167' title='bbox 201 2129 497 2190; x_wconf 89' lang='lat' dir='ltr'>suspicando</span> <span class='ocrx_word' id='word_1_168' title='bbox 522 2128 767 2176; x_wconf 87' lang='lat' dir='ltr'>fecerunt.</span> <span class='ocrx_word' id='word_1_169' title='bbox 841 2128 979 2187; x_wconf 85' lang='lat' dir='ltr'>Quid</span> <span class='ocrx_word' id='word_1_170' title='bbox 1005 2135 1098 2186; x_wconf 88' lang='lat' dir='ltr'>est,</span> <span class='ocrx_word' id='word_1_171' title='bbox 1123 2145 1275 2192; x_wconf 91' lang='lat' dir='ltr'>quare</span> <span class='ocrx_word' id='word_1_172' title='bbox 1302 2145 1396 2189; x_wconf 82' lang='lat' dir='ltr'>ego</span> <span class='ocrx_word' id='word_1_173' title='bbox 1423 2128 1524 2174; x_wconf 85' lang='lat' dir='ltr'>ulla</span> <span class='ocrx_word' id='word_1_174' title='bbox 1549 2129 1699 2175; x_wconf 89' lang='lat' dir='ltr'>verba</span> 
     </span>
     <span class='ocr_line' id='line_1_24' title="bbox 201 2215 1697 2280; baseline 0.001 -18"><span class='ocrx_word' id='word_1_175' title='bbox 201 2232 364 2262; x_wconf 87' lang='lat' dir='ltr'>coram</span> <span class='ocrx_word' id='word_1_176' title='bbox 400 2220 559 2263; x_wconf 91' lang='lat' dir='ltr'>amico</span> <span class='ocrx_word' id='word_1_177' title='bbox 600 2233 714 2263; x_wconf 91' lang='lat' dir='ltr'>meo</span> <span class='ocrx_word' id='word_1_178' title='bbox 755 2217 1043 2264; x_wconf 89' lang='lat' dir='ltr'>retraham?</span> <span class='ocrx_word' id='word_1_179' title='bbox 1114 2215 1250 2274; x_wconf 82' lang='lat' dir='ltr'>Quid</span> <span class='ocrx_word' id='word_1_180' title='bbox 1293 2223 1386 2274; x_wconf 84' lang='lat' dir='ltr'>est,</span> <span class='ocrx_word' id='word_1_181' title='bbox 1422 2233 1575 2280; x_wconf 90' lang='lat' dir='ltr'>quare</span> <span class='ocrx_word' id='word_1_182' title='bbox 1616 2234 1697 2264; x_wconf 89' lang='lat' dir='ltr'>me</span> 
     </span>
     <span class='ocr_line' id='line_1_25' title="bbox 201 2304 1029 2367; baseline 0.002 -17"><span class='ocrx_word' id='word_1_183' title='bbox 201 2321 364 2350; x_wconf 90' lang='lat' dir='ltr'>coram</span> <span class='ocrx_word' id='word_1_184' title='bbox 389 2304 476 2350; x_wconf 92' lang='lat' dir='ltr'>illo</span> <span class='ocrx_word' id='word_1_185' title='bbox 500 2321 602 2350; x_wconf 92' lang='lat' dir='ltr'>non</span> <span class='ocrx_word' id='word_1_186' title='bbox 628 2311 804 2367; x_wconf 85' lang='lat' dir='ltr'>putem</span> <span class='ocrx_word' id='word_1_187' title='bbox 830 2306 988 2352; x_wconf 89' lang='lat' dir='ltr'>solum</span> <span class='ocrx_word' id='word_1_188' title='bbox 1010 2307 1029 2352; x_wconf 90' lang='lat'>?</span> 
     </span>
    </p>
   </div>
   <div class='ocr_carea' id='block_1_3' title="bbox 682 2402 1210 2450">
    <p class='ocr_par' dir='ltr' id='par_1_6' title="bbox 682 2402 1210 2450">
     <span class='ocr_line' id='line_1_26' title="bbox 682 2402 1210 2450; baseline 0.004 -8"><span class='ocrx_word' id='word_1_189' title='bbox 682 2402 695 2426; x_wconf 86' lang='lat'>¹</span> <span class='ocrx_word' id='word_1_190' title='bbox 724 2402 762 2442; x_wconf 81' lang='grc' dir='ltr'>.ςὶ</span> <span class='ocrx_word' id='word_1_191' title='bbox 782 2402 967 2450; x_wconf 87' lang='lat' dir='ltr'>Hense,</span> <span class='ocrx_word' id='word_1_192' title='bbox 957 2419 966 2429; x_wconf 94' lang='lat'><strong>·</strong></span> <span class='ocrx_word' id='word_1_193' title='bbox 997 2403 1059 2443; x_wconf 75' lang='lat' dir='ltr'>sic</span> <span class='ocrx_word' id='word_1_194' title='bbox 1081 2402 1210 2445; x_wconf 90' lang='lat' dir='ltr'>MSS.</span> 
     </span>
    </p>
   </div>
   <div class='ocr_carea' id='block_1_4' title="bbox 203 2498 1696 2614">
    <p class='ocr_par' dir='ltr' id='par_1_7' title="bbox 203 2498 1696 2614">
     <span class='ocr_line' id='line_1_27' title="bbox 225 2498 1696 2560; baseline 0.003 -16"><span class='ocrx_word' id='word_1_195' title='bbox 225 2498 233 2508; x_wconf 64' lang='lat'><em>⁴</em></span> <span class='ocrx_word' id='word_1_196' title='bbox 267 2512 289 2531; x_wconf 64' lang='grc' dir='ltr'><strong><em>α</em></strong></span> <span class='ocrx_word' id='word_1_197' title='bbox 315 2505 344 2546; x_wconf 71' lang='lat' dir='ltr'>i.</span> <span class='ocrx_word' id='word_1_198' title='bbox 351 2519 405 2551; x_wconf 70' lang='grc'>8.,</span> <span class='ocrx_word' id='word_1_199' title='bbox 420 2519 447 2545; x_wconf 90' lang='lat' dir='ltr'>a</span> <span class='ocrx_word' id='word_1_200' title='bbox 459 2505 578 2545; x_wconf 89' lang='lat' dir='ltr'>word</span> <span class='ocrx_word' id='word_1_201' title='bbox 595 2505 739 2546; x_wconf 87' lang='lat' dir='ltr'>which</span> <span class='ocrx_word' id='word_1_202' title='bbox 755 2505 836 2546; x_wconf 86' lang='lat' dir='ltr'>has</span> <span class='ocrx_word' id='word_1_203' title='bbox 851 2520 879 2546; x_wconf 90' lang='lat' dir='ltr'>a</span> <span class='ocrx_word' id='word_1_204' title='bbox 892 2507 1056 2560; x_wconf 85' lang='lat' dir='ltr'>special</span> <span class='ocrx_word' id='word_1_205' title='bbox 1070 2506 1356 2559; x_wconf 87' lang='lat' dir='ltr'>significance</span> <span class='ocrx_word' id='word_1_206' title='bbox 1369 2511 1416 2547; x_wconf 89' lang='lat' dir='ltr'>to</span> <span class='ocrx_word' id='word_1_207' title='bbox 1431 2507 1508 2547; x_wconf 85' lang='lat' dir='ltr'>the</span> <span class='ocrx_word' id='word_1_208' title='bbox 1525 2507 1617 2548; x_wconf 86' lang='lat' dir='ltr'>Sto.</span> <span class='ocrx_word' id='word_1_209' title='bbox 1622 2521 1695 2549; x_wconf 90' lang='lat' dir='ltr'>cs·</span> <span class='ocrx_word' id='word_1_210' title='bbox 1684 2539 1696 2557; x_wconf 88' lang='lat'>‚</span> 
     </span>
     <span class='ocr_line' id='line_1_28' title="bbox 203 2559 1584 2614; baseline 0.003 -16"><span class='ocrx_word' id='word_1_211' title='bbox 203 2571 278 2599; x_wconf 83' lang='lat' dir='ltr'>see</span> <span class='ocrx_word' id='word_1_212' title='bbox 301 2559 382 2613; x_wconf 79' lang='lat' dir='ltr'>Ep.</span> <span class='ocrx_word' id='word_1_213' title='bbox 408 2559 493 2599; x_wconf 61' lang='lat' dir='ltr'>xlx</span> <span class='ocrx_word' id='word_1_214' title='bbox 471 2560 560 2606; x_wconf 80' lang='lat' dir='ltr'>1ii.‚</span> <span class='ocrx_word' id='word_1_215' title='bbox 584 2562 701 2602; x_wconf 89' lang='lat' dir='ltr'>note.</span> <span class='ocrx_word' id='word_1_216' title='bbox 1081 2563 1096 2587; x_wconf 79' lang='lat'><em>⁶</em></span> <span class='ocrx_word' id='word_1_217' title='bbox 1127 2561 1163 2602; x_wconf 92' lang='lat' dir='ltr'>F</span> <span class='ocrx_word' id='word_1_218' title='bbox 1166 2575 1258 2614; x_wconf 78' lang='lat' dir='ltr'>rag</span> <span class='ocrx_word' id='word_1_219' title='bbox 1285 2564 1336 2601; x_wconf 68' lang='lat'>74-</span> <span class='ocrx_word' id='word_1_220' title='bbox 1357 2561 1584 2604; x_wconf 44' lang='lat' dir='ltr'>&amp;Viminen</span> 
     </span>
    </p>
   </div>
   <div class='ocr_carea' id='block_1_5' title="bbox 211 2630 269 2671">
    <p class='ocr_par' dir='ltr' id='par_1_8' title="bbox 211 2630 269 2671">
     <span class='ocr_line' id='line_1_29' title="bbox 211 2630 269 2671; baseline 0 0"><span class='ocrx_word' id='word_1_221' title='bbox 211 2630 269 2671; x_wconf 89' lang='lat'>10</span> 
     </span>
    </p>
   </div>
  </div>
 </body>
</html>
