1742 2872
489 119 636 167 THE
672 121 992 169 EPISTLES
1030 123 1119 170 OF
1154 121 1421 169 SENECA

125 233 183 282 11
294 226 555 285 Quaedam
601 233 772 274 tamen
819 234 874 275 et
918 229 1204 275 nationibus
1251 235 1374 290 puto
1408 232 1567 291 magis
1613 234 1700 274 aut

148 311 171 315 ·’
208 297 371 340 minus
397 298 662 341 convenire
684 310 696 350 3
731 298 783 341 in
821 295 1024 342 Graecis
1048 295 1176 341 hanc
1211 295 1466 342 licentiam
1491 296 1666 342 tuleris
1688 312 1700 351 ;

206 378 296 407 nos
333 365 485 408 etiam
521 378 638 407 cum
672 363 946 420 scribimus,
974 366 1333 425 interpungere
1368 362 1696 409 adsuevimus.

209 428 380 474 Cicero
427 445 627 491 quoque
673 435 859 486 noster,
905 447 935 475 a
990 446 1089 492 quo
1145 429 1365 475 Romana
1412 429 1701 492 eloquentia

208 495 401 552 exiluit,
448 495 702 558 gradarius
749 495 858 542 fuit.
935 496 1184 543 Romanus
1235 513 1396 543 sermo
1442 500 1600 559 magis
1646 513 1700 543 se

158 566 551 655 2circumspicit
589 568 644 609 et
688 567 921 610 aestimat
962 564 1271 626 praebetque
1317 563 1696 614 aestimandum.

158 611 471 687 2Fabianus,
507 633 580 675 vir
625 633 857 692 egregius
904 636 957 677 et
991 634 1094 676 vita
1129 637 1182 676 et
1217 633 1426 677 scientia
1461 636 1530 687 et,
1567 630 1700 693 quod

207 702 321 758 post
344 699 440 742 ista
464 702 558 754 est,
582 696 872 760 eloquentia
900 713 1117 760 quoque,
1142 697 1430 759 disputabat
1463 697 1700 759 expedite

207 766 365 826 magis
412 779 562 826 quam
597 767 865 822 concitate,
901 770 958 810 ut
997 780 1165 826 posses
1200 764 1368 811 dicere
1404 764 1697 811 facilitatem
1738 775 1742 827 ξ

206 846 316 877 esse
373 830 526 887 illam,
573 846 676 876 non
734 831 1060 878 celeritatem.
1136 831 1282 877 Hanc
1341 847 1436 894 ego
1494 834 1546 876 in
1597 834 1700 877 viro
1736 830 1742 933 ¹

206 901 433 959 sapiente
479 900 681 959 recipio,
727 913 829 944 non
888 902 1068 961 exigo;
1127 904 1184 944 ut
1234 901 1390 944 oratio
1439 901 1545 944 eius
1592 901 1699 944 sine

204 964 570 1026 impedimento
618 970 782 1021 exeat,
830 964 1109 1026 proferatur
1154 971 1326 1011 tamen
1372 964 1503 1011 malo
1549 981 1699 1027 quam

206 1031 431 1093 profluat.

123 1104 186 1153 13
290 1098 364 1144 Eo
388 1103 559 1144 autern
589 1101 746 1160 magis
778 1104 831 1144 te
864 1097 1096 1144 deterreo
1129 1099 1194 1144 ab
1224 1101 1321 1144 isto
1352 1099 1540 1156 morbO,
1565 1097 1700 1160 quod

204 1181 307 1212 non
338 1171 507 1227 potest
539 1165 632 1211 tibi
660 1168 757 1211 ista
779 1181 858 1211 res
890 1168 1185 1228 contingere
1215 1165 1362 1212 aliter
1391 1181 1541 1227 quam
1573 1168 1613 1210 si
1645 1170 1698 1211 te

206 1231 396 1293 pudere
420 1231 656 1287 desierit;
692 1231 929 1294 perfrices
951 1230 1172 1278 frontem
1196 1237 1397 1294 oportet
1421 1238 1475 1278 et
1506 1237 1559 1278 te
1591 1235 1698 1293 ipse
1731 1244 1742 1280 f

206 1315 308 1345 non
354 1299 538 1346 audias.
614 1299 778 1345 Multa
825 1302 960 1345 enim
1007 1299 1350 1345 inobservatus
1396 1298 1481 1345 ille
1529 1314 1697 1344 cursus

204 1365 351 1424 feret,
375 1382 503 1429 quae
527 1365 897 1428 reprehendere
922 1365 1056 1412 velis.
1131 1366 1246 1412 Non
1269 1371 1453 1428 potest,
1476 1368 1698 1428 inquam,
1727 1348 1742 1460 ἒ

204 1434 298 1479 tibi
329 1437 623 1496 contingere
656 1449 734 1479 res
765 1436 861 1479 ista
892 1432 1026 1479 salva
1049 1433 1360 1480 verecundia.
1435 1432 1699 1479 Praeterea
1728 1460 1737 1489 ·,

205 1503 564 1547 exercitatione
600 1516 723 1562 opus
760 1505 839 1546 est
870 1499 1122 1546 cotidiana
1153 1505 1207 1546 et
1238 1517 1267 1545 a
1297 1500 1447 1546 rebus
1476 1498 1737 1546 studium(

123 1587 184 1636 14
206 1566 608 1614 transferendum
645 1573 723 1613 est
756 1566 821 1613 ad
856 1567 1022 1613 verba.
1094 1566 1238 1613 Haec
1273 1573 1443 1614 autem
1477 1569 1630 1613 etiam
1657 1568 1699 1612 si

203 1634 418 1680 aderunt
471 1640 524 1681 et
570 1639 810 1696 poterunt
857 1637 963 1680 sine
1011 1633 1112 1679 ullo
1165 1640 1254 1680 tuo
1305 1633 1474 1680 labore
1523 1633 1697 1679 decur-
1728 1660 1730 1663 ·

202 1717 329 1758 rere,
353 1707 525 1748 tamen
556 1700 885 1763 temperanda
913 1706 1042 1747 sunt.
1116 1700 1245 1746 Nam
1275 1699 1694 1763 quemadmodum
1740 1725 1742 1745 τ

203 1771 418 1830 sapienti
453 1772 557 1814 viro
592 1771 812 1814 incessus
847 1767 1119 1814 modestior
1154 1771 1406 1825 convenit,
1434 1770 1506 1813 ita
1540 1770 1696 1812 oratio
1726 1799 1742 1821 a

202 1851 386 1897 pressa,
433 1851 535 1881 non
580 1834 755 1881 audax.
830 1833 1033 1881 Summa
1074 1850 1194 1896 ergo
1232 1850 1532 1880 summarum
1573 1826 1729 1880 haec

201 1905 326 1949 erit:
363 1901 660 1948 tardilocum
685 1918 792 1948 esse
817 1907 870 1948 te
895 1902 1056 1948 iubeo.
1130 1901 1281 1948 VALE.
1711 1850 1742 2018 l

269 2059 412 2100 aThe
438 2059 591 2102 Greek
617 2063 737 2101 texts
763 2072 878 2100 were
907 2059 996 2100 still
1025 2061 1200 2100 written
1228 2059 1417 2100 without
1445 2060 1715 2112 separation

203 2113 255 2155 of
269 2113 347 2154 the
367 2113 527 2160 words,
549 2115 595 2154 in
614 2116 816 2154 contrast
842 2113 949 2154 with
977 2112 1055 2154 the
1076 2113 1266 2154 Roman.
1727 2144 1728 2148 ,

270 2169 287 2193 δ
318 2167 562 2208 Gradam'us
581 2181 686 2220 may
700 2167 757 2208 be
775 2167 1031 2208 contrasted
1053 2167 1158 2207 with
1179 2166 1462 2213 tolutariusst
1469 2163 1701 2207 ‘sttrotter’
1727 2208 1729 2210 .

270 2221 385 2275 ‘'Gfi
410 2220 604 2267 Martial,
627 2223 684 2262 xi.
715 2223 782 2262 27.
814 2223 837 2260 7
857 2226 935 2262 aut
960 2235 1056 2262 cwm
1107 2221 1182 2273 erf
1144 2221 1306 2273 fricuit
1315 2220 1512 2274 frontem
1534 2219 1700 2272 posuit-
1725 2235 1727 2238 ’

203 2288 282 2368 ᾳῖιιθ
295 2268 522 2369 pugorzm.
582 2275 715 2316 After
739 2289 767 2316 a
795 2274 962 2316 violent
987 2234 1115 2315 rubei
1104 2287 1197 2328 1‚ng
1220 2273 1299 2316 the
1327 2273 1426 2315 face
1453 2272 1600 2315 would
1619 2274 1700 2315 not
1722 2303 1725 2311 ,

205 2341 226 2369 5
261 2342 329 2369 ow
395 2341 447 2369 us
482 2342 543 2371 es.

1695 2410 1708 2450 i
1718 2439 1720 2442 .

208 2585 306 2633 270
