1742 2872
474 165 622 213 THE
658 165 990 214 EPISTLES·
1016 166 1106 213 OF
1142 165 1408 215 SENECA

139 275 180 322 4-
279 276 355 322 Tu
390 277 533 322 nobis
568 283 639 335 te,
672 283 730 323 ut
765 276 903 335 facis,
934 277 1119 324 fortem
1153 283 1352 340 praesta
1387 283 1439 323 et
1475 278 1688 324 sarcinas

194 358 447 404 contrahe.
524 358 661 404 Nihil
695 375 756 405 ex
790 358 882 416 his,
907 376 1036 423 quae
1067 359 1328 416 habemuS,
1354 362 1689 405 necessarium

195 445 284 486 est.
359 439 441 486 Ad
460 439 628 502 legem
653 446 862 487 naturae
886 447 1196 487 revertamur
1216 457 1227 496 3
1264 439 1468 486 divitiae
1489 446 1691 501 paratae

195 527 325 569 sunt.
399 521 507 568 Aut
552 526 828 584 gratuitum
876 529 970 580 est,
1011 539 1111 585 quo
1158 537 1382 584 egemus,
1428 526 1517 566 aut
1563 520 1693 576 vile;

195 619 378 665 panem
415 609 469 650 et
503 620 685 666 aquam
719 610 899 650 natura
933 603 1198 651 desiderat.
1270 603 1433 649 Nemo
1468 601 1533 648 ad
1567 601 1692 648 haec

196 700 387 747 pauper
405 691 499 743 est,
512 688 645 731 intra
663 702 791 748 quae
810 689 1033 749 quisquis
1049 686 1352 733 desiderium
1369 700 1509 731 suum
1529 683 1693 742 clusit,

197 782 316 832 cum*
335 769 443 829 ipso
469 766 588 813 Iove
607 767 672 814 de
691 767 936 814 felicitate
957 767 1249 824 contendat,
1268 772 1327 813 ut
1343 769 1415 812 ait
1432 765 1693 828 Epicurus,

145 847 174 892 5
197 851 336 895 cuius
359 848 577 912 aliquam
603 865 775 896 vocem
799 848 916 895 huic
950 848 1195 911 epistulae
1227 847 1487 894 involvam.
1563 851 1593 872 “
1613 845 1694 892 Sic

197 929 322 988 fac,’'
366 933 548 993 inquit,
585 935 617 958 “
631 934 815 987 omnia,
858 936 1114 993 tamquam
1158 934 1357 992 spectet
1398 926 1691 989 Epicurus.”

202 1011 411 1059 Prodest
429 1015 536 1058 sine
555 1011 710 1058 dubio
729 1011 991 1059 custodem
1010 1013 1104 1059 sibi
1122 1013 1400 1074 inposuisse
1419 1015 1473 1056 et
1491 1008 1694 1067 habere,
1718 1007 1719 1010 ’

197 1109 350 1156 quem
391 1096 641 1160 respicias,
677 1110 831 1157 quem
878 1097 1123 1140 interesse
1171 1091 1560 1155 cogitationibus
1595 1093 1696 1138 tuis

196 1174 400 1222 iudices.
476 1175 590 1222 Hoc
626 1175 831 1239 quidem
868 1175 1020 1238 longe
1057 1175 1460 1239 magnificentius
1497 1179 1590 1231 est,
1626 1175 1696 1219 sic

197 1259 364 1303 vivere
405 1262 662 1320 tamquam
703 1257 795 1303 sub
836 1256 1045 1303 alicuius
1091 1258 1210 1304 boni
1255 1258 1347 1302 viri
1394 1272 1452 1302 ac
1499 1271 1698 1317 semper

198 1340 477 1400 praesentis
508 1337 679 1396 oculis,
705 1337 794 1384 sed
828 1353 923 1400 ego
957 1340 1110 1384 etiam
1143 1337 1238 1384 hoc
1271 1343 1540 1384 contentus
1571 1353 1696 1395 sum,

199 1425 256 1466 ut
291 1422 361 1466 sic
395 1418 563 1478 facias,
599 1435 946 1483 quaecumque
987 1418 1158 1478 facies,
1194 1425 1450 1482 tamquam
1499 1423 1697 1481 spectet

147 1495 175 1542 6
197 1501 404 1564 aliquis;
440 1504 608 1548 omnia
631 1501 774 1547 nobis
802 1499 934 1547 mala
965 1500 1182 1547 solitudo
1214 1499 1496 1563 persuadet.
1572 1498 1696 1545 Cum

197 1585 298 1628 iam
315 1582 586 1645 profeceris
603 1589 821 1640 tantum,
841 1588 898 1628 ut
922 1586 988 1629 sit
1011 1583 1105 1629 tibi
1131 1585 1284 1629 etiam
1302 1584 1379 1628 tui
1399 1583 1697 1638 reverentia,

198 1664 374 1711 licebit
404 1664 630 1712 dimittas
665 1663 1046 1727 paedagogum3
1094 1666 1299 1710 interim
1330 1662 1608 1725 aliquorum
1643 1667 1696 1708 te

198 1749 498 1792 auctoritate
532 1745 744 1803 custodi,
776 1751 864 1791 aut
902 1745 1025 1791 Cato
1060 1744 1146 1791 ille
1183 1748 1249 1791 sit
1284 1750 1372 1790 aut
1409 1742 1576 1805 Scipio
1609 1749 1698 1790 aut

203 1826 401 1874 Laelius
442 1833 530 1874 aut
564 1826 695 1884 talis,
732 1826 903 1873 euius1
946 1829 1238 1873 interventu
1275 1825 1462 1888 perditi
1498 1841 1696 1887 quoque

201 1907 430 1955 homines
460 1911 580 1955 vitia
603 1911 990 1970 supprimerent,
1013 1907 1135 1954 dum
1159 1914 1212 1955 te
1245 1908 1394 1954 efficis
1427 1923 1559 1964 eum,
1584 1922 1644 1952 cu

200 2006 299 2053 quo
325 2006 532 2052 peecare
556 2007 658 2036 non
676 1989 875 2036 audeas.
948 1989 1074 2036 Cum
1091 1989 1186 2036 hoc
1206 1989 1443 2046 effeceris,
1463 1994 1517 2036 et
1534 1987 1665 2050 aliqu

201 2075 424 2134 coeperit
448 2071 583 2134 apud
607 2077 660 2118 te
684 2074 761 2118 tui
785 2086 893 2118 esse
926 2070 1171 2133 dignatio,
1195 2074 1430 2133 incipiam
1461 2070 1555 2116 tibi
1586 2084 1678 2131 per

201 2156 423 2211 mittere,
458 2152 594 2216 quod
628 2152 765 2199 idem
802 2152 981 2199 suadet
1019 2153 1289 2215 Epicurus:
1332 2151 1521 2198 “Tunc
1557 2167 1645 2213 pra

203 2237 349 2296 cipue
374 2237 426 2279 in
451 2240 503 2280 te
528 2238 635 2296 ipse
660 2219 858 2292 secede}
884 2250 997 2280 cum
1023 2250 1132 2281 esse
1158 2237 1349 2296 cogeris
1373 2237 1425 2279 in
1450 2231 1644 2279 turba.”

271 2379 287 2406 ¹
315 2386 393 2421 aut
420 2380 535 2426 talis,
558 2380 678 2421 cuius
698 2378 964 2420 Disselbeck
988 2378 1079 2419 and
1109 2377 1382 2426 Buecheler;
1411 2382 1488 2419 aut
1517 2378 1649 2419 alicui

205 2434 302 2488 (aut
321 2434 458 2486 cuius)
479 2432 607 2475 MSS.

271 2576 290 2594 ⁰
313 2568 442 2620 Frag.
467 2570 541 2608 211
570 2567 756 2608 Usener.
1130 2567 1147 2592 ὃ
1176 2565 1304 2618 Frag.
1328 2568 1406 2606 209
1429 2565 1615 2608 Usener.

210 2641 226 2682 1
241 2640 305 2681 84
