1742 2872
470 140 618 187 THE
653 139 973 189 EPISTLES
1010 140 1100 188 OF
1135 140 1399 189 SENECA

891 329 983 375 LII

531 436 725 483 SENECA
765 436 965 482 LVCILIO
1001 452 1086 482 svo
1123 452 1339 482 SALVTEM

138 552 161 599 1
274 545 410 603 Quid
435 551 514 592 est
546 543 657 602 hoc,
683 543 860 601 Lucili,
886 543 1022 606 quod
1050 559 1141 589 nos
1165 542 1260 588 alio
1289 543 1562 590 tendentes
1586 544 1682 591 alio

188 627 344 675 trahit
369 633 423 673 et
447 642 524 683 eo,
548 625 684 672 unde
714 624 950 671 recedere
975 627 1218 687 cupimus,
1242 624 1477 686 inpellit?
1548 623 1683 682 Quid

187 709 504 755 conluctatur
539 723 653 753 cum
687 709 854 752 am'mo
894 711 1065 752 nostro
1105 721 1200 752 nec
1247 708 1498 767 permittit
1542 705 1684 752 nobis

188 793 455 853 quicquam
466 787 622 834 semel
632 787 764 834 velle
777 788 795 833 ?
846 787 1168 833 Fluctuamur
1178 790 1312 833 inter
1323 789 1454 832 varia
1464 786 1680 833 consilia.

192 869 329 916 Nihil
371 869 527 916 libere
575 868 818 926 volumus,
854 868 981 914 nihil
1027 868 1274 926 absolute,
1310 867 1434 914 nihil
1472 884 1680 930 semper.

137 954 164 999 2
188 956 220 979 “
239 949 515 1008 Stultitia‚''
542 953 722 1012 inquis,
749 955 782 976 “
796 956 890 1007 est,
920 952 1000 995 cui
1036 949 1162 995 nihil
1197 955 1412 1006 constat,
1437 948 1562 995 nihil
1597 949 1682 996 diu

187 1031 402 1095 placet.’'
497 1029 599 1077 Sed
645 1030 896 1093 quomodo
948 1047 1039 1077 nos
1085 1037 1175 1077 aut
1233 1030 1433 1093 quando
1479 1030 1543 1076 ab
1600 1030 1684 1077 illa

187 1112 524 1160 revellemus?
595 1111 758 1158 Nemo
793 1127 884 1174 per
919 1127 972 1158 se
1008 1115 1127 1158 satis
1161 1112 1299 1159 valet
1334 1118 1392 1159 ut
1427 1118 1684 1175 emergat;
1737 1117 1742 1131 ⁴

186 1200 389 1256 oportet
411 1210 616 1239 manum
640 1192 818 1256 aliquis
842 1196 1079 1256 porrigat,
1103 1193 1280 1256 aliquis
1306 1193 1502 1240 educat.

136 1280 165 1326 3
272 1274 531 1333 Quosdam
565 1277 637 1321 ait
683 1274 928 1336 Epicurus
963 1274 1027 1320 ad
1074 1278 1340 1321 veritatem
1387 1278 1494 1322 sine
1537 1275 1685 1322 ullius
1735 1295 1742 1358 1⁵

187 1355 434 1403 adiutorio
459 1358 635 1412 exisse,
654 1354 833 1402 fecisse
854 1355 947 1402 sibi
965 1359 1098 1418 ipsos
1118 1359 1260 1401 viam.
1336 1356 1445 1402 Hos
1469 1360 1684 1404 maxime
1738 1364 1742 1413 i

185 1437 376 1496 laudat,
411 1437 592 1500 quibus
627 1453 690 1483 ex
725 1452 778 1483 se
814 1440 1034 1499 impetus
1074 1437 1188 1495 fuit,
1223 1440 1307 1500 qui
1344 1453 1397 1484 se
1433 1440 1527 1500 ipsi
1573 1454 1684 1500 pro·

186 1519 428 1566 tulerunt.
501 1518 759 1577 Quosdam
791 1517 1020 1581 indigere
1044 1534 1141 1580 ope
1175 1518 1354 1576 aliena,
1378 1535 1480 1565 non
1511 1522 1683 1577 ituros,

187 1604 227 1647 si
262 1598 413 1647 nemo
449 1603 792 1663 praecesserit,
829 1598 919 1646 sed
965 1599 1097 1646 bene
1145 1605 1416 1647 secuturos.
1490 1599 1566 1646 Ex
1607 1599 1683 1647 his
1735 1580 1737 1626 ἔ

187 1681 535 1729 Metrodorum
581 1684 654 1728 ait
699 1696 839 1736 esse3
898 1684 1159 1744 egregium
1206 1680 1300 1728 hoc
1342 1698 1558 1745 quoque,
1594 1682 1683 1729 sed
1734 1676 1735 1694 ³

185 1763 436 1810 secundae
477 1766 622 1809 sortis
663 1765 938 1824 ingenium.
1014 1762 1116 1809 Nos
1152 1778 1214 1809 ex
1249 1762 1336 1809 illa
1370 1766 1529 1825 prima
1563 1770 1683 1810 nota

184 1861 288 1891 non
322 1859 514 1900 sumus;
570 1844 701 1890 bene
737 1843 999 1889 nobiscum
1033 1846 1217 1906 agitur,
1247 1847 1287 1890 si
1318 1847 1371 1890 in
1411 1845 1682 1891 secundam
1730 1876 1731 1879 =

184 1928 463 1988 recipimur.
541 1925 617 1971 Ne
643 1923 777 1970 hunc
802 1924 1007 1987 quidem
1026 1929 1385 1988 contempseris
1410 1925 1682 1985 hominem,

184 2010 271 2070 qui
285 2006 450 2053 alieno
469 2005 713 2053 beneficio
733 2021 842 2052 esse
861 2005 1024 2052 salvus
1043 2012 1215 2069 potest
1232 2022 1244 2063 ;
1281 2013 1335 2054 et
1352 2006 1447 2053 hoc
1465 2008 1681 2055 multum

185 2094 279 2145 est,
304 2086 434 2134 velle
460 2090 654 2134 servari.

133 2175 162 2221 4
272 2168 475 2215 Praeter
499 2167 623 2214 haec
648 2167 813 2214 adhuc
832 2171 1058 2215 invenies
1076 2185 1238 2231 genus
1261 2169 1398 2216 aliud
1422 2169 1680 2217 hominum

183 2265 249 2296 ne
283 2252 448 2311 ipsum
484 2248 689 2312 quidem
731 2247 1091 2295 fastidiendum
1127 2266 1315 2308 eorum,
1351 2254 1436 2314 qui
1471 2256 1582 2314 cogi
1617 2252 1680 2297 ad
1720 2293 1721 2308 ἶ

184 2336 378 2376 rectum
403 2329 721 2392 conpellique
747 2336 972 2391 possunt,
997 2330 1177 2392 quibus
1201 2347 1303 2377 non
1328 2331 1456 2378 duce
1481 2338 1680 2379 tantum
1718 2347 1721 2379 J

182 2426 307 2473 opus
331 2413 412 2468 sit,
437 2410 526 2457 sed
551 2409 779 2471 adjutore
804 2416 874 2468 et,
894 2415 951 2456 ut
975 2413 1046 2456 ita
1064 2410 1244 2469 dicam,
1263 2419 1504 2458 coactore.
1580 2412 1681 2458 Hic
1716 2452 1719 2463 ,

679 2535 701 2554 ‘⁸
729 2526 860 2581 Frag.
889 2530 965 2568 192
989 2527 1177 2570 Usener.

187 2599 287 2640 344
