1742 2872
520 124 667 171 THE
703 123 1022 172 EPISTLES
1060 123 1148 170 OF
1184 121 1451 170 SENECA

239 235 352 292 isto,
377 237 417 280 si
445 250 658 296 possem,
683 233 1021 290 transferrem,
1045 238 1099 279 et
1133 235 1228 278 nisi
1261 239 1456 278 mature
1492 238 1545 279 te
1581 231 1731 279 finem

239 325 384 371 officii
420 341 669 388 sperarem
704 328 1089 387 inpetraturum,
1118 323 1248 370 hanc
1281 323 1490 370 senilem
1528 324 1731 386 expedi-

240 419 433 463 tionem
460 416 752 463 indixissem
779 415 903 462 mihi
930 431 1026 462 nec
1057 431 1139 461 me
1174 414 1450 478 Charybdis
1482 422 1536 462 et
1568 414 1732 478 Scylla

241 514 296 555 et
352 507 635 554 fabulosum
692 507 829 554 istud
876 507 1063 554 fretum
1122 507 1378 554 deterrere
1435 511 1729 569 potuissent.

242 599 535 646 Tranassem
558 603 670 656 ista,
696 615 795 644 non
833 598 993 645 solum
1028 601 1350 655 traiecissem,
1374 598 1646 645 dummodo
1680 605 1733 646 te

240 691 493 754 conplecti
538 707 736 754 possem
783 696 837 738 et
882 706 1118 753 praesens
1163 692 1443 747 aestimare,
1490 697 1733 753 quantum

239 788 405 830 animo
430 787 679 830 crevisses.

188 874 217 920 3
325 875 562 922 Ceterum
580 874 715 938 quod
733 874 884 920 libros
909 890 1046 922 meos
1070 875 1164 921 tibi
1189 877 1322 921 mitti
1343 874 1613 932 desideras,
1632 891 1731 922 non

239 971 397 1030 magis
412 966 527 1013 ideo
543 982 624 1012 me
640 965 884 1012 disertum
899 971 1023 1027 puto
1038 982 1187 1028 quam
1203 965 1474 1013 formosum
1489 973 1732 1029 putarem,

239 1062 279 1106 si
302 1062 574 1123 imaginem
598 1074 762 1104 meam
788 1063 1001 1119 peteres.
1096 1055 1451 1119 Indulgentiae
1476 1061 1576 1104 scio
1599 1058 1733 1106 istud

239 1166 365 1208 esse,
389 1166 492 1196 non
515 1149 700 1196 iudicii.
774 1148 843 1195 Et
867 1151 907 1194 si
931 1147 1081 1195 modo
1104 1148 1275 1194 iudicii
1301 1155 1394 1206 est,
1418 1149 1734 1212 indulgentia

186 1244 216 1291 4
238 1242 332 1289 tibi
366 1245 599 1304 inposuit.
697 1239 798 1287 Sed
834 1240 1222 1302 qualescumque
1259 1247 1392 1298 sunt,
1429 1247 1485 1287 tu
1520 1241 1630 1288 illos
1665 1245 1733 1296 sic

237 1334 369 1396 lege,
393 1339 649 1396 tamquam
681 1349 853 1379 verum
883 1348 1117 1395 quaeram
1150 1331 1331 1390 adhuc,
1355 1349 1458 1379 non
1490 1336 1656 1391 sciam,
1681 1339 1734 1381 et

238 1428 602 1472 contumaciter
619 1439 866 1486 quaeram.
926 1423 1041 1470 Non
1062 1426 1196 1470 enim
1215 1439 1296 1470 me
1316 1426 1546 1486 cuiquam
1566 1440 1731 1471 eman-

237 1521 414 1580 cipavi,
460 1516 645 1563 nullius
699 1530 885 1563 nomen
931 1514 1051 1562 fero.
1162 1515 1383 1562 Multum
1440 1532 1732 1578 magnorum

236 1612 452 1655 virorum
475 1607 660 1655 iudicio
684 1607 850 1664 credo,
875 1606 1068 1669 aliquid
1092 1612 1144 1654 et
1169 1623 1282 1653 meo
1307 1606 1516 1655 vindico.
1604 1608 1732 1656 Nam

236 1699 309 1746 illi
334 1715 534 1762 quoque
558 1715 661 1745 non
685 1702 907 1756 inventa,
927 1698 1017 1745 sed
1043 1698 1330 1760 quaerenda
1354 1699 1496 1745 nobis
1520 1673 1742 1778 relique?

237 1797 372 1849 runt,
397 1797 451 1838 et
473 1793 784 1838 invenissent
807 1789 1017 1836 forsitan
1044 1793 1339 1848 necessaria,
1364 1793 1458 1836 nisi
1484 1796 1538 1837 et
1562 1807 1684 1853 supe
1741 1796 1742 1808 ยน

184 1885 212 1931 5
239 1900 391 1930 vacua
422 1885 750 1946 quaesissent.
826 1882 1047 1929 Multum
1076 1882 1173 1928 illis
1203 1885 1442 1945 temporis
1471 1883 1647 1929 verbor

238 1975 486 2022 cavillatio
502 1978 705 2037 eripuit,
715 1978 967 2037 captiosae
983 1974 1369 2036 disputationes,
1378 1991 1506 2038 quae
1522 1992 1697 2022 acume

237 2070 432 2113 irritum
484 2072 735 2113 exercent.
833 2066 1097 2113 Nectimus
1143 2066 1301 2112 nodos
1349 2073 1403 2113 et
1448 2067 1680 2130 ambigua

236 2157 651 2220 significationem
669 2157 830 2204 verbis
845 2157 1114 2220 inligamus
1129 2173 1187 2204 ac
1202 2157 1388 2204 deinde
1404 2157 1656 2204 dissolvim

320 2248 539 2295 Tantum
593 2249 736 2295 nobis
791 2251 972 2295 vacat?
1076 2248 1182 2295 Iam
1230 2252 1414 2306 vivere,
1461 2252 1560 2296 iam
1608 2267 1691 2297 mo

236 2342 454 2387 scimus?
536 2340 664 2386 Tota
699 2340 786 2386 illo
821 2347 995 2387 mente
1031 2341 1346 2404 pergendum
1382 2347 1475 2399 est,
1500 2342 1586 2388 ubi
1621 2359 1654 2404 p

185 2436 213 2482 6
236 2432 393 2479 videri
418 2432 590 2491 debet,
614 2449 680 2480 ne
705 2449 783 2479 res
807 2449 913 2492 nos,
938 2449 1040 2479 non
1065 2433 1231 2492 verba,
1255 2432 1522 2496 decipiant.
1596 2422 1706 2492 Qui

239 2577 336 2629 292
