1742 2872
1728 0 1742 60 l

499 132 646 178 THE
683 131 1003 180 EplsTLES
1040 105 1131 181 OF*
1166 132 1430 180 SENECA

217 256 332 284 nam
352 242 480 285 circa
499 239 551 286 id
571 239 763 303 effugit,
781 256 880 304 quo
904 246 1114 303 urgetur
1133 256 1145 296 ;
1181 240 1605 304 quemadmodum
1629 258 1712 289 aer
1734 215 1742 336 ἰ

121 319 145 324 ·*
218 306 423 353 verbere
447 312 600 370 atque
624 310 727 354 ictu
752 323 855 354 non
878 306 1110 365 laeditur,
1134 324 1200 355 ne
1224 307 1468 355 scinditur
1491 308 1712 371 quIdem,

216 373 306 420 sed
330 377 459 420 circa
483 374 552 432 id,
576 377 657 421 cui
681 378 846 433 cessit,
870 374 1156 422 refunditur
1170 390 1183 431 ;
1219 378 1288 421 sic
1312 378 1522 433 animus,
1541 378 1626 439 qui
1650 392 1723 426 ex.

217 444 510 488 tenuissimo
542 447 754 499 constat,
780 441 1093 505 deprehendi
1125 458 1225 488 non
1255 448 1425 505 potest
1455 459 1550 489 nec
1582 446 1714 490 intra
1730 490 1742 496 ,,

218 524 395 571 corpus
421 508 586 571 effligi,
612 509 701 556 sed
736 509 982 556 beneficio
1015 509 1306 556 subtilitatis
1339 525 1457 556 suae
1475 526 1566 572 per
1589 498 1742 596 ipsa,¹

217 576 396 638 quibus
424 580 685 639 premitur,
711 580 942 639 erumpit.
1017 575 1283 635 Quomodo
1319 576 1534 635 fulmini,
1559 581 1739 624 etiam*-

217 659 333 689 cum
356 643 596 691 latissime
631 647 877 707 percussit
911 661 970 691 ac
1005 643 1163 702 fulsit,
1187 660 1278 706 per
1312 647 1549 707 exiguum
1585 644 1712 691 fora-

215 727 334 757 men
376 717 454 758 est
494 710 702 768 reditus,
738 715 807 758 sic
847 715 1031 769 animo,
1066 715 1152 775 qui
1193 710 1358 758 adhuc
1398 715 1600 758 tenuior
1635 718 1718 760 est

164 780 192 826 9
216 782 351 842 igne,
399 794 489 841 per
534 795 684 825 omne
732 795 909 842 corpus
954 778 1076 842 fuga
1122 784 1211 826 est.
1287 778 1466 842 Itaque
1513 779 1579 826 de
1626 779 1680 826 ill

216 846 562 908 quaerendum
609 852 702 904 est,
740 862 805 893 an
852 849 1009 909 possit
1061 845 1354 893 immortalis
1401 862 1522 894 esse.
1598 847 1684 893 Ho

216 912 422 975 quidem
480 919 675 960 certum
727 912 858 961 habe
880 932 891 960 ε
955 916 997 960 si
1055 919 1309 976 superstes
1367 919 1445 960 est
1503 917 1712 976 corpori,

215 983 434 1042 praeteri
450 980 466 1011 1
491 980 632 1027 illum
657 980 798 1027 nullo
822 997 1012 1044 genere
1036 997 1198 1044 posse,
1223 986 1430 1044 propter
1452 980 1585 1044 quod
1611 997 1712 1028 non
1738 974 1739 982 ¹

215 1051 359 1109 perit,
385 1051 620 1111 quoniam
643 1048 784 1095 nulla
807 1048 1153 1095 immortalitas
1172 1064 1287 1095 cum
1311 1051 1609 1111 exceptione
1634 1054 1714 1097 est
1739 1045 1742 1095 Ι

215 1132 308 1162 nec
333 1109 599 1178 quicquam
623 1119 829 1162 noxium
852 1123 1059 1163 aeterno
1084 1122 1174 1163 est.
1249 1115 1400 1162 VALE.

872 1293 1058 1341 LVIII.

558 1413 752 1461 SENECA
793 1413 992 1460 chxmo
1029 1429 1114 1460 svo
1151 1429 1367 1460 SALVTEM

162 1541 180 1586 l
294 1533 498 1592 Quanta
514 1534 776 1583 verborum
791 1534 934 1580 nobis
953 1540 1235 1596 paupertas,
1249 1537 1402 1580 immo
1418 1540 1614 1597 egestas
1630 1539 1712 1595 sit,

210 1618 482 1665 numquam
507 1605 664 1664 magis
689 1617 838 1664 quam
863 1600 1105 1648 hodierno
1129 1600 1212 1648 die
1235 1601 1476 1649 intellexi.
1570 1603 1711 1652 Mille

211 1686 288 1717 res
306 1669 611 1727 inciderunt,
631 1685 745 1715 cum
765 1667 894 1716 forte
914 1668 979 1716 de
1000 1668 1209 1716 Platone
1232 1668 1567 1732 loqueremur,
1582 1685 1711 1734 quae

211 1740 414 1783 nomina
461 1736 807 1784 desiderarent
843 1753 937 1783 nec
988 1735 1252 1794 haberent,
1288 1736 1535 1799 quaedam
1577 1754 1711 1798 vero,

210 1821 339 1867 quae
358 1803 378 1834 2
416 1821 530 1850 cum
567 1803 878 1862 habuissent,
913 1802 1115 1850 fastidio
1149 1809 1320 1850 nostro
1355 1803 1706 1867 perdidissent.

158 1878 184 1923 2
210 1872 336 1930 Quis
360 1877 531 1919 autem
551 1870 681 1918 ferat
699 1875 752 1917 in
772 1876 1002 1934 egestate
1021 1870 1315 1917 fastidium?
1387 1871 1539 1918 Hunc
1558 1889 1710 1935 quem

277 1957 290 1982 ¹
314 1958 510 2013 praeteri
542 1956 819 2005 Buecheler3
854 1962 1003 2011 preter
1031 1970 1090 2010 pz
1113 1962 1301 2011 propter
1327 1956 1512 2018 YLPm
1540 1958 1709 2012 proter-u·

211 2011 428 2120 qugntche
447 2065 595 2107 added
616 2065 678 2118 by
699 2064 872 2111 Hense,
893 2065 1011 2105 after
1033 2064 1159 2106 Koch
1179 2064 1269 2105 and
1289 2063 1346 2107 G.
1371 2064 1561 2108 Gemoll.

273 2158 294 2178 ‘¹
323 2149 410 2191 For
438 2150 529 2191 this
564 2149 702 2192 belief
735 2163 944 2202 compare
981 2149 1251 2203 Xenophon,
1292 2150 1424 2193 Mem.
1457 2152 1514 2194 iv,
1557 2155 1597 2193 3.
1639 2155 1717 2203 14,v

209 2210 239 2229 ‘⁶
254 2204 327 2246 No
346 2218 432 2245 one
448 2217 546 2246 sees
566 2204 645 2245 the
664 2203 758 2245 bolt
784 2204 928 2245 either
946 2217 1005 2245 on
1030 2205 1088 2245 its
1108 2217 1210 2258 way
1228 2203 1360 2246 down
1382 2218 1432 2246 or
1450 2218 1507 2246 on
1528 2207 1586 2247 its
1607 2218 1706 2261 way

206 2258 371 2300 back.’'
426 2257 600 2300 Seneca
622 2257 806 2299 himself
830 2271 921 2299 was
952 2258 1087 2299 much
1115 2258 1360 2300 intel-ested
1388 2260 1435 2300 in
1462 2259 1715 2316 lightning&

207 2312 423 2409 ⁶15⁶]thss
444 2315 727 2408 lthggless'was
758 2366 1042 2419 emphasized
1075 2366 1135 2420 by
1166 2366 1412 2418 Lucretius,
1447 2370 1474 2409 i.
1512 2370 1586 2409 136
1613 2367 1711 2425 3.ηᾷ

203 2423 299 2469 832,
321 2420 412 2462 and
434 2422 493 2463 iii.
519 2423 612 2461 260.
675 2419 837 2461 Munro
865 2420 1036 2467 thinks,
1059 2420 1279 2468 however,
1300 2420 1402 2463 that
1423 2429 1452 2445 ‘⁶
1468 2421 1711 2470 Lucretius}
1739 2426 1742 2450 ·’

204 2475 296 2516 had
315 2479 390 2516 too
416 2475 549 2516 much
577 2474 752 2515 instead
777 2474 828 2515 of
851 2477 928 2515 too
956 2474 1070 2516 little
1097 2474 1320 2517 technical
1347 2475 1569 2529 language
1587 2475 1699 2519 for·
1738 2490 1742 2518 ι

201 2529 352 2582 poet.'‘
398 2528 570 2571 Seneca
584 2528 716 2569 knew
732 2527 992 2576 Lucretiusg
1020 2529 1076 2583 cf.
1093 2528 1211 2583 Epp.
1232 2528 1336 2570 lviii.
1359 2531 1423 2577 12,
1441 2544 1508 2572 xc.
1532 2533 1596 2578 ll,
1610 2533 1708 2577 etc(
1737 2543 1742 2586 i

203 2591 300 2641 386
