1742 2872
474 108 621 155 THE
657 107 976 156 EPISTLES
1014 108 1104 156 OF
1139 107 1405 156 SENECA

192 216 463 265 adferunt?
536 219 663 264 Nam
689 218 824 280 quod
848 222 900 264 in
925 225 1198 280 conspectu
1225 218 1565 264 dulcissimum
1591 223 1685 276 est,

135 311 158 315 ‘⁷
192 295 244 342 id
268 299 413 342 amici
437 313 612 342 manus
633 296 877 358 epistulae
897 299 1119 358 inpressa
1144 302 1380 358 praestat,
1399 312 1682 358 agnoscere.

141 375 170 421 2
278 373 493 420 Audisse
518 379 572 420 te
609 374 779 420 scribis
817 373 1141 436 Serapionem
1177 373 1548 435 philosophum,
1573 390 1686 419 cum

192 454 322 497 istuc
356 451 712 513 adplicuisset:
754 456 784 477 “
805 450 946 497 Solet
981 467 1164 514 magno
1199 467 1343 497 cursu
1385 451 1536 497 verba
1571 466 1686 496 con-

193 527 396 585 vellere,
420 544 548 590 quae
574 544 676 574 non
701 527 916 574 effundit
939 543 1055 585 una,
1080 527 1169 574 sed
1202 531 1386 590 premit
1411 534 1464 574 et
1489 533 1683 590 urguet.
1739 583 1742 586 Α

196 603 342 650 Plura
378 609 511 651 enim
546 608 758 651 veniunt
790 621 940 667 quam
972 605 1151 666 quibus
1175 621 1270 650 vox
1302 621 1402 650 una
1431 604 1685 651 sufficiat.'’

195 681 309 727 Hoc
351 698 453 727 non
501 683 657 744 probo
704 685 757 727 in
804 680 1121 744 philosopho,
1160 684 1298 727 cuius
1346 684 1688 743 pronuntiatio
1737 704 1742 728 ς

192 775 410 821 quoque,
435 762 565 806 sicut
588 762 707 816 vita,
724 759 880 806 debet
905 775 1013 805 esse
1039 762 1297 821 conposita
1318 774 1331 814 ;
1366 758 1492 804 nihil
1517 765 1689 805 autem
1733 729 1742 845 1

192 835 476 882 ordinatum
497 843 591 894 est,
610 836 744 899 quod
764 839 1125 899 praecipitatur
1145 842 1197 882 et
1216 842 1462 898 properat.
1511 835 1688 898 Itaque
1737 854 1742 862 ·

192 917 349 960 oratio
395 913 482 959 illa
527 913 662 976 apud
702 914 981 960 Homerum
1017 916 1267 960 concitata
1303 919 1356 959 et
1391 916 1498 959 sine
1534 917 1688 959 inter-

192 994 424 1037 missione
472 994 524 1036 in
572 1007 760 1038 morem
816 994 942 1036 nivis
1001 994 1357 1052 superveniens
1409 993 1651 1036 iuveniori
1670 988 1688 1020 1
1732 1018 1742 1066 ἦ

192 1071 373 1113 oratori
397 1067 516 1114 data
541 1074 634 1125 est,
660 1067 787 1114 lenis
812 1073 866 1113 et
889 1066 1040 1113 melle
1070 1066 1262 1113 dulcior
1286 1070 1393 1113 seni
1417 1066 1629 1129 profluit.
1733 1071 1742 1138 .-

143 1148 172 1194 3
278 1145 359 1192 Sic
383 1148 554 1208 itaque
574 1145 722 1202 habe,
741 1148 889 1191 istam
904 1145 923 1174 2
947 1148 1047 1190 vim
1066 1143 1269 1191 dicendi
1289 1144 1512 1206 rapidam
1535 1150 1687 1207 atque

191 1222 535 1269 abundantem
572 1225 815 1284 aptiorem
864 1237 972 1268 esse
1020 1221 1280 1267 circulanti
1320 1238 1470 1284 quam
1516 1224 1689 1283 agenti

191 1315 298 1346 rem
322 1315 556 1362 magnam
590 1316 648 1345 ac
684 1303 862 1345 seriam
897 1298 1214 1362 docentique.
1291 1300 1468 1362 Aeque
1500 1299 1688 1345 stillare
1737 1318 1742 1380 ἰ

191 1376 334 1423 illum
369 1377 485 1423 nolo
520 1393 670 1440 quam
706 1392 936 1432 currere3
978 1391 1073 1422 nec
1113 1375 1358 1423 extendat
1404 1392 1547 1422 aures
1594 1392 1688 1422 nec
1732 1404 1742 1435 ;

191 1455 382 1501 obruat.
458 1454 586 1500 Nam
624 1453 710 1499 illa
757 1469 957 1516 quoque
990 1456 1157 1515 inopia
1199 1459 1252 1500 et
1291 1453 1486 1501 exilitas
1524 1457 1688 1499 minus

190 1535 445 1579 intentum
481 1531 762 1578 auditorem
798 1530 954 1578 habet
989 1530 1158 1577 taedio
1193 1534 1504 1593 interruptae
1534 1530 1686 1577 tardi-

190 1613 326 1667 tatis,
351 1609 544 1655 facilius
575 1615 749 1656 tamen
781 1608 972 1666 insidit,
1001 1607 1137 1671 quod
1169 1614 1505 1670 exspectatur,
1537 1624 1685 1670 quam

190 1686 326 1749 quod
360 1686 708 1749 praetervolat.
786 1685 1020 1748 Denique
1052 1685 1250 1732 tradere
1284 1685 1512 1731 homines
1541 1685 1686 1732 disci-

192 1764 320 1826 pulis
355 1769 625 1827 praecepta
665 1763 934 1819 dicuntur3
976 1779 1078 1809 non
1114 1762 1330 1809 traditur
1369 1762 1503 1825 quod
1539 1762 1682 1825 fugit.
1724 1815 1726 1818 ¹

140 1839 168 1885 4
192 1841 352 1888 Adice
388 1858 539 1899 nunc,
575 1840 710 1904 quod
746 1857 873 1903 quae
911 1843 1111 1887 veritati
1146 1856 1348 1902 operam
1384 1839 1473 1886 dat
1513 1843 1686 1897 oratio,
1720 1847 1742 1873 θ’

191 1922 504 1981 inconposita
539 1934 647 1965 esse
672 1918 828 1965 debet
865 1924 918 1964 et
954 1917 1179 1980 simplex.
1256 1917 1399 1964 Haec
1435 1917 1686 1980 popularis
1737 1920 1742 1974 ξ

288 2035 303 2060 1
332 2034 543 2076 iuveniori
564 2033 721 2075 Hense
741 2051 753 2082 ;
781 2034 925 2075 iuveni
946 2034 1136 2087 Haupt;
1166 2034 1355 2075 omitted
1375 2035 1420 2074 in
1442 2033 1572 2077 MSS.

363 2099 382 2124 2
408 2100 511 2140 habe
530 2100 660 2140 istam
678 2099 791 2140 later
812 2098 942 2141 MSS.
968 2116 980 2146 ς
1009 2099 1113 2140 habe
1132 2105 1182 2140 ut
1201 2100 1330 2140 istam
1346 2099 1502 2152 pLPb.

256 2234 277 2252 α’
305 2225 411 2267 This
432 2239 593 2280 person
613 2230 779 2267 cannot
798 2226 855 2268 be
873 2226 1116 2268 identified.
1728 2274 1730 2279 ,

256 2281 273 2306 ὃ
301 2279 396 2321 The
433 2281 716 2334 explanation
746 2280 798 2321 of
829 2280 1057 2322 Professor
1086 2279 1314 2322 Summers
1343 2292 1488 2321 seems
1523 2280 1682 2327 sound,
1728 2289 1729 2293 ’

188 2333 290 2375 that
307 2335 385 2375 the
405 2335 639 2388 metaphor
657 2336 694 2375 is
714 2334 852 2375 taken
873 2335 988 2376 from
1007 2348 1035 2375 a
1058 2336 1492 2376 mountain-torrent.
1554 2334 1683 2376 Com-
1715 2331 1718 2339 '

189 2401 296 2441 pare
314 2389 393 2429 the
408 2388 678 2441 description
694 2389 746 2429 of
762 2388 986 2430 Cratinus'
1001 2388 1118 2441 style
1139 2392 1182 2428 in
1203 2387 1545 2441 Aristophanes,
1568 2388 1679 2429 Aah.
1707 2387 1729 2429 ¹:

190 2444 285 2489 526,
307 2456 357 2482 οι·
375 2443 476 2484 that
494 2442 546 2483 of
564 2442 727 2483 Pindar
747 2444 790 2483 in
815 2442 1008 2490 Horace,
1034 2443 1112 2484 Od.
1138 2444 1194 2484 iv.
1220 2445 1257 2483 2.
1282 2446 1307 2482 5
1323 2442 1368 2483 ff.
1725 2445 1727 2450 '

257 2504 273 2522 ⁶
301 2496 430 2548 Iliad,
455 2498 514 2539 iii.
539 2499 618 2538 222
637 2496 923 2550 (Odysseus)‚
945 2496 1037 2538 aud
1055 2499 1082 2538 i.
1107 2498 1186 2537 249
1207 2495 1422 2550 (Nestor).

194 2558 291 2608 264
