1742 2872
499 90 646 137 THE
682 88 1002 137 EPISTLES
1039 89 1129 135 OF
1165 89 1427 136 SENECA

219 197 435 245 iucunda
470 205 565 256 est,
590 198 839 261 quomodo
876 214 1023 259 poma
1058 196 1302 259 quaedam
1341 204 1458 243 sunt
1494 201 1675 244 suavit

116 337 153 345 „a
221 309 406 356 aspera,
465 292 715 355 quomodo
767 296 820 338 in
874 295 990 337 vino
1045 295 1191 337 nimis
1248 294 1407 338 veteri
1461 295 1568 354 ipsa
1620 308 1682 338 n·v
1701 283 1716 306 ²

218 387 496 434 amaritudo
532 388 785 443 delectat3
844 403 957 433 cum
993 402 1110 433 vero
1159 390 1432 433 intervenit
1478 391 1642 449 spatiu
1672 408 1708 444 ’ae

218 499 384 540 omne,
419 483 553 546 quod
601 482 836 545 angebat,
886 485 1198 544 extinguitur
1244 487 1298 527 et
1344 498 1467 543 pura
1513 481 1575 527 ad
1622 497 1691 528 nm

168 582 194 627 6
218 579 447 641 voluptas
467 577 652 624 venit.’'
707 577 759 623 Si
783 577 857 623 illi
882 576 1148 633 credimus,
1169 581 1199 602 “
1216 576 1418 622 Amicos
1437 576 1690 622 incolum

218 677 439 736 cogitare
487 673 639 720 melle
686 688 743 719 ac
790 672 1025 735 placenta
1071 670 1168 717 frui
1216 677 1322 725 est;
1393 686 1581 728 eorum,
1627 687 1660 734 q
1691 661 1730 713 .⁵

220 770 440 825 fuerunt,
460 771 749 814 retractatio
767 784 869 813 non
894 770 1002 813 sine
1026 766 1303 813 acerbitate
1321 765 1536 828 quadam
1559 769 1698 812 iuva

220 863 346 922 Quis
376 869 546 909 autem
578 865 840 926 negaverit
865 861 990 908 haec
1017 863 1148 907 acria
1173 877 1372 923 quoque
1397 866 1452 907 et
1474 860 1689 908 habent'

169 963 195 1011 7
219 961 526 1005 austeritatis
550 957 739 1020 aliquid
768 955 1080 1003 stomachum
1108 959 1326 1002 excitare
1344 956 1362 1001 ?
1380 955 1405 971 ''
1479 956 1589 1018 Ego
1613 963 1683 1003 no‘

219 1053 355 1100 idem
391 1056 571 1110 sentio,
607 1051 730 1097 mihi
767 1054 1038 1097 amicorum
1075 1049 1427 1097 defunctorum
1476 1054 1641 1113 cogita
1670 1053 1681 1064 '

220 1148 380 1195 dulcis
418 1163 474 1193 ac
514 1145 698 1193 blanda
737 1152 828 1192 est.
922 1145 1092 1191 Habui
1135 1148 1269 1191 enim
1308 1145 1419 1191 illos
1460 1151 1684 1208 tamqua
1722 1131 1731 1179 *3

219 1247 502 1299 amissurus,
526 1244 667 1287 amisi
691 1246 946 1303 tamquam
972 1239 1197 1287 habeam.

307 1339 403 1384 Fae
428 1353 565 1399 ergo,
584 1339 652 1382 mi
678 1335 856 1392 Lucili,
881 1334 1016 1397 quod
1052 1338 1362 1397 aequitatem
1387 1341 1526 1381 tuam
1550 1335 1691 1383 dece

219 1433 395 1480 desine
431 1430 731 1478 beneficium
765 1429 996 1476 fortunae
1033 1429 1163 1476 male
1200 1433 1549 1491 interpretari;
1607 1423 1720 1477 ab*

166 1537 196 1584 8
220 1528 354 1585 tulit,
390 1526 479 1574 sed
516 1526 672 1573 dedit.
766 1524 888 1571 Ideo
925 1527 1094 1570 amicis
1142 1524 1287 1571 avide
1329 1523 1566 1579 fruamur,
1601 1524 1703 1588 qui·

219 1622 458 1686 quamdiu
492 1624 788 1684 contingere
812 1619 909 1665 hoc
936 1622 1106 1682 possit,
1132 1623 1378 1666 incertum
1407 1625 1496 1666 est.
1571 1619 1694 1682 Cogi

219 1724 401 1776 temus,
419 1733 570 1780 quam
589 1732 738 1778 saepe
757 1715 868 1762 illos
892 1714 1238 1778 reliquerimus
1262 1718 1313 1760 in
1338 1715 1556 1778 aliquam
1574 1730 1693 1778 pere
1723 1725 1742 1791 ξ

218 1816 554 1876 grinationem
587 1811 914 1874 longinquam
947 1812 1145 1868 exituri,
1170 1826 1318 1873 quam
1351 1825 1501 1873 saepe
1537 1810 1699 1858 eodem
1741 1794 1742 1806 ἵ

218 1913 472 1954 morantes
496 1906 606 1952 loco
630 1922 731 1952 non
757 1905 1055 1961 viderimus3
1109 1904 1464 1968 intellegemus
1491 1905 1602 1968 plus
1626 1921 1690 1953 no

166 2009 194 2056 9
219 2005 459 2064 temporis
493 2005 546 2047 in
572 2005 692 2048 vivis
725 1999 1016 2063 perdidisse.
1110 1999 1256 2046 Feras
1292 2006 1461 2047 autem
1500 1999 1605 2059 hos,
1629 2017 1662 2064 q
1693 2023 1696 2028 ¹

218 2097 664 2161 neglegentissime
683 2099 866 2142 amicos
885 2094 1093 2152 habent,
1113 2098 1387 2142 miserrime
1406 2095 1602 2158 lugent,
1619 2111 1683 2143 ne

217 2198 388 2239 amant
413 2207 733 2255 quemquam,
757 2192 850 2236 nisi
884 2189 1251 2252 perdiderunt?
1341 2189 1562 2253 Ideoque
1593 2196 1707 2239 tun

217 2287 417 2334 effusius
465 2291 709 2342 maerent,
746 2288 862 2347 quia
896 2289 1150 2342 verentur,
1186 2301 1250 2330 ne
1287 2284 1494 2331 dubium
1532 2288 1613 2343 sit,

136 2386 194 2432 10
215 2364 521 2436 amav‘erint3
570 2396 678 2426 sera
713 2379 897 2426 indicia
931 2377 1161 2425 adfectus
1197 2381 1272 2425 sui
1308 2385 1570 2442 quaerunt.

214 2475 455 2523 habemus
502 2475 623 2521 alios
669 2478 870 2532 amicos,
906 2473 1036 2520 male
1071 2473 1136 2520 de
1172 2476 1231 2519 iis
1268 2478 1321 2520 et
1363 2489 1613 2520 meremur
1668 2494 1690 2499 ··

213 2559 310 2600 432
