<?xml version="1.0" encoding="UTF-8"?>
<!DOCTYPE html PUBLIC "-//W3C//DTD XHTML 1.0 Transitional//EN"
    "http://www.w3.org/TR/xhtml1/DTD/xhtml1-transitional.dtd">
<html xmlns="http://www.w3.org/1999/xhtml" xml:lang="en" lang="en">
 <head>
  <title>
</title>
<meta http-equiv="Content-Type" content="text/html;charset=utf-8" />
  <meta name='ocr-system' content='tesseract 3.04.00' />
  <meta name='ocr-capabilities' content='ocr_page ocr_carea ocr_par ocr_line ocrx_word'/>
</head>
<body>
  <div class='ocr_page' id='page_1' title='image "adluciliumepistu01seneuoft_0344.png"; bbox 0 0 1742 2872; ppageno 0'>
   <div class='ocr_carea' id='block_1_1' title="bbox 485 74 1418 159">
    <p class='ocr_par' dir='ltr' id='par_1_1' title="bbox 485 74 1418 159">
     <span class='ocr_line' id='line_1_1' title="bbox 485 74 1418 159; baseline -0.001 -1"><span class='ocrx_word' id='word_1_1' title='bbox 485 112 632 158; x_wconf 87' lang='lat' dir='ltr'><strong>THE</strong></span> <span class='ocrx_word' id='word_1_2' title='bbox 669 74 989 159; x_wconf 68' lang='lat' dir='ltr'><strong>EPiSTLES</strong></span> <span class='ocrx_word' id='word_1_3' title='bbox 1026 112 1116 158; x_wconf 83' lang='lat' dir='ltr'><strong>OF</strong></span> <span class='ocrx_word' id='word_1_4' title='bbox 1152 111 1418 158; x_wconf 81' lang='lat' dir='ltr'><strong>SENECA</strong></span> 
     </span>
    </p>
   </div>
   <div class='ocr_carea' id='block_1_2' title="bbox 119 217 1740 882">
    <p class='ocr_par' dir='ltr' id='par_1_2' title="bbox 205 217 1740 282">
     <span class='ocr_line' id='line_1_2' title="bbox 205 217 1740 282; baseline -0.001 -15"><span class='ocrx_word' id='word_1_5' title='bbox 205 220 498 267; x_wconf 79' lang='lat' dir='ltr'><strong>sedentibus</strong></span> <span class='ocrx_word' id='word_1_6' title='bbox 540 220 897 282; x_wconf 84' lang='lat' dir='ltr'><strong>exceptiones?</strong></span> <span class='ocrx_word' id='word_1_7' title='bbox 989 217 1126 277; x_wconf 86' lang='lat' dir='ltr'>Quid</span> <span class='ocrx_word' id='word_1_8' title='bbox 1172 222 1308 265; x_wconf 90' lang='lat' dir='ltr'><strong>enim</strong></span> <span class='ocrx_word' id='word_1_9' title='bbox 1354 218 1489 265; x_wconf 89' lang='lat' dir='ltr'><strong>aliud</strong></span> <span class='ocrx_word' id='word_1_10' title='bbox 1537 222 1702 281; x_wconf 87' lang='lat' dir='ltr'><strong>agitis,</strong></span> <span class='ocrx_word' id='word_1_11' title='bbox 1738 221 1740 223; x_wconf 78' lang='grc'><strong>’</strong></span> 
     </span>
    </p>

    <p class='ocr_par' dir='ltr' id='par_1_3' title="bbox 133 286 1705 416">
     <span class='ocr_line' id='line_1_3' title="bbox 133 286 1702 349; baseline -0.001 -15"><span class='ocrx_word' id='word_1_12' title='bbox 133 308 156 312; x_wconf 72' lang='grc'><strong>·-</strong></span> <span class='ocrx_word' id='word_1_13' title='bbox 206 304 321 334; x_wconf 92' lang='lat' dir='ltr'><strong>cum</strong></span> <span class='ocrx_word' id='word_1_14' title='bbox 362 303 493 344; x_wconf 90' lang='lat' dir='ltr'><strong>eum,</strong></span> <span class='ocrx_word' id='word_1_15' title='bbox 541 303 693 349; x_wconf 90' lang='lat' dir='ltr'><strong>quem</strong></span> <span class='ocrx_word' id='word_1_16' title='bbox 738 289 1074 348; x_wconf 88' lang='lat' dir='ltr'><strong>interrogatis,</strong></span> <span class='ocrx_word' id='word_1_17' title='bbox 1117 289 1334 332; x_wconf 87' lang='lat' dir='ltr'><strong>scientes</strong></span> <span class='ocrx_word' id='word_1_18' title='bbox 1374 289 1428 332; x_wconf 92' lang='lat' dir='ltr'><strong>in</strong></span> <span class='ocrx_word' id='word_1_19' title='bbox 1474 286 1702 332; x_wconf 89' lang='lat' dir='ltr'><strong>fraudem</strong></span> 
     </span>
     <span class='ocr_line' id='line_1_4' title="bbox 206 352 1705 416; baseline 0 -16"><span class='ocrx_word' id='word_1_20' title='bbox 206 354 459 411; x_wconf 84' lang='lat' dir='ltr'><strong>inducitiS,</strong></span> <span class='ocrx_word' id='word_1_21' title='bbox 484 370 634 416; x_wconf 87' lang='lat' dir='ltr'><strong>quam</strong></span> <span class='ocrx_word' id='word_1_22' title='bbox 666 359 723 399; x_wconf 93' lang='lat' dir='ltr'><strong>ut</strong></span> <span class='ocrx_word' id='word_1_23' title='bbox 754 353 966 399; x_wconf 87' lang='lat' dir='ltr'><strong>formula</strong></span> <span class='ocrx_word' id='word_1_24' title='bbox 998 352 1236 399; x_wconf 89' lang='lat' dir='ltr'><strong>cecidisse</strong></span> <span class='ocrx_word' id='word_1_25' title='bbox 1271 353 1532 399; x_wconf 88' lang='lat' dir='ltr'><strong>videatur?</strong></span> <span class='ocrx_word' id='word_1_26' title='bbox 1603 352 1705 400; x_wconf 89' lang='lat' dir='ltr'><strong>Sed</strong></span> 
     </span>
    </p>

    <p class='ocr_par' dir='ltr' id='par_1_4' title="bbox 119 419 1703 484">
     <span class='ocr_line' id='line_1_5' title="bbox 119 419 1703 484; baseline -0.001 -17"><span class='ocrx_word' id='word_1_27' title='bbox 119 446 122 450; x_wconf 93' lang='lat'>·</span> <span class='ocrx_word' id='word_1_28' title='bbox 207 421 631 484; x_wconf 88' lang='lat' dir='ltr'><strong>quemadmodum</strong></span> <span class='ocrx_word' id='word_1_29' title='bbox 665 420 775 466; x_wconf 93' lang='lat' dir='ltr'><strong>illos</strong></span> <span class='ocrx_word' id='word_1_30' title='bbox 810 426 1026 482; x_wconf 88' lang='lat' dir='ltr'><strong>praetor,</strong></span> <span class='ocrx_word' id='word_1_31' title='bbox 1062 424 1131 466; x_wconf 90' lang='lat' dir='ltr'><strong>sic</strong></span> <span class='ocrx_word' id='word_1_32' title='bbox 1173 420 1263 466; x_wconf 91' lang='lat' dir='ltr'><strong>hos</strong></span> <span class='ocrx_word' id='word_1_33' title='bbox 1298 419 1612 482; x_wconf 84' lang='lat' dir='ltr'><strong>philosophia</strong></span> <span class='ocrx_word' id='word_1_34' title='bbox 1652 424 1703 466; x_wconf 94' lang='lat' dir='ltr'><strong>in</strong></span> 
     </span>
    </p>

    <p class='ocr_par' dir='ltr' id='par_1_5' title="bbox 125 487 1708 882">
     <span class='ocr_line' id='line_1_6' title="bbox 125 487 1706 550; baseline -0.001 -16"><span class='ocrx_word' id='word_1_35' title='bbox 125 488 181 535; x_wconf 91' lang='grc'><strong>11</strong></span> <span class='ocrx_word' id='word_1_36' title='bbox 206 492 463 550; x_wconf 90' lang='lat' dir='ltr'><strong>integrum</strong></span> <span class='ocrx_word' id='word_1_37' title='bbox 503 491 737 535; x_wconf 79' lang='lat' dir='ltr'><strong>restituit.</strong></span> <span class='ocrx_word' id='word_1_38' title='bbox 818 487 966 545; x_wconf 76' lang='lat' dir='ltr'><strong>Quid</strong></span> <span class='ocrx_word' id='word_1_39' title='bbox 1013 487 1269 534; x_wconf 89' lang='lat' dir='ltr'><strong>disceditis</strong></span> <span class='ocrx_word' id='word_1_40' title='bbox 1310 488 1373 533; x_wconf 89' lang='lat' dir='ltr'><strong>ab</strong></span> <span class='ocrx_word' id='word_1_41' title='bbox 1414 488 1706 550; x_wconf 88' lang='lat' dir='ltr'><strong>ingentibus</strong></span> 
     </span>
     <span class='ocr_line' id='line_1_7' title="bbox 208 554 1706 618; baseline -0.001 -16"><span class='ocrx_word' id='word_1_42' title='bbox 208 558 458 618; x_wconf 87' lang='lat' dir='ltr'><strong>promissis</strong></span> <span class='ocrx_word' id='word_1_43' title='bbox 505 561 560 602; x_wconf 93' lang='lat' dir='ltr'><strong>et</strong></span> <span class='ocrx_word' id='word_1_44' title='bbox 599 555 806 618; x_wconf 83' lang='lat' dir='ltr'><strong>grandia</strong></span> <span class='ocrx_word' id='word_1_45' title='bbox 846 554 1018 612; x_wconf 89' lang='lat' dir='ltr'><strong>locuti,</strong></span> <span class='ocrx_word' id='word_1_46' title='bbox 1061 554 1322 601; x_wconf 86' lang='lat' dir='ltr'><strong>effecturos</strong></span> <span class='ocrx_word' id='word_1_47' title='bbox 1365 571 1465 612; x_wconf 89' lang='lat' dir='ltr'><strong>vos,</strong></span> <span class='ocrx_word' id='word_1_48' title='bbox 1506 561 1563 600; x_wconf 91' lang='lat' dir='ltr'><strong>ut</strong></span> <span class='ocrx_word' id='word_1_49' title='bbox 1604 571 1706 600; x_wconf 92' lang='lat' dir='ltr'><strong>non</strong></span> 
     </span>
     <span class='ocr_line' id='line_1_8' title="bbox 207 621 1706 685; baseline -0.001 -16"><span class='ocrx_word' id='word_1_50' title='bbox 207 626 365 685; x_wconf 88' lang='lat' dir='ltr'><strong>magis</strong></span> <span class='ocrx_word' id='word_1_51' title='bbox 412 626 518 669; x_wconf 90' lang='lat' dir='ltr'><strong>auri</strong></span> <span class='ocrx_word' id='word_1_52' title='bbox 564 622 729 684; x_wconf 84' lang='lat' dir='ltr'><strong>fulgor</strong></span> <span class='ocrx_word' id='word_1_53' title='bbox 769 639 919 685; x_wconf 90' lang='lat' dir='ltr'><strong>quam</strong></span> <span class='ocrx_word' id='word_1_54' title='bbox 961 621 1115 683; x_wconf 88' lang='lat' dir='ltr'><strong>gladii</strong></span> <span class='ocrx_word' id='word_1_55' title='bbox 1161 625 1497 684; x_wconf 87' lang='lat' dir='ltr'><strong>praestringat</strong></span> <span class='ocrx_word' id='word_1_56' title='bbox 1538 621 1706 667; x_wconf 90' lang='lat' dir='ltr'><strong>oculos</strong></span> 
     </span>
     <span class='ocr_line' id='line_1_9' title="bbox 208 688 1707 752; baseline -0.001 -17"><span class='ocrx_word' id='word_1_57' title='bbox 208 706 362 747; x_wconf 85' lang='lat' dir='ltr'><strong>meos,</strong></span> <span class='ocrx_word' id='word_1_58' title='bbox 404 695 462 736; x_wconf 90' lang='lat' dir='ltr'><strong>ut</strong></span> <span class='ocrx_word' id='word_1_59' title='bbox 502 692 701 751; x_wconf 90' lang='lat' dir='ltr'><strong>ingenti</strong></span> <span class='ocrx_word' id='word_1_60' title='bbox 739 692 1020 735; x_wconf 88' lang='lat' dir='ltr'><strong>constantia</strong></span> <span class='ocrx_word' id='word_1_61' title='bbox 1056 695 1109 735; x_wconf 91' lang='lat' dir='ltr'><strong>et</strong></span> <span class='ocrx_word' id='word_1_62' title='bbox 1144 688 1278 752; x_wconf 93' lang='lat' dir='ltr'><strong>quod</strong></span> <span class='ocrx_word' id='word_1_63' title='bbox 1314 705 1488 735; x_wconf 91' lang='lat' dir='ltr'><strong>omnes</strong></span> <span class='ocrx_word' id='word_1_64' title='bbox 1529 694 1707 750; x_wconf 88' lang='lat' dir='ltr'><strong>optant</strong></span> 
     </span>
     <span class='ocr_line' id='line_1_10' title="bbox 208 755 1708 819; baseline -0.002 -15"><span class='ocrx_word' id='word_1_65' title='bbox 208 764 262 804; x_wconf 93' lang='lat' dir='ltr'><strong>et</strong></span> <span class='ocrx_word' id='word_1_66' title='bbox 308 757 443 819; x_wconf 92' lang='lat' dir='ltr'><strong>quod</strong></span> <span class='ocrx_word' id='word_1_67' title='bbox 484 773 656 803; x_wconf 88' lang='lat' dir='ltr'><strong>omnes</strong></span> <span class='ocrx_word' id='word_1_68' title='bbox 697 760 883 803; x_wconf 90' lang='lat' dir='ltr'><strong>timent</strong></span> <span class='ocrx_word' id='word_1_69' title='bbox 923 756 1127 813; x_wconf 85' lang='lat' dir='ltr'><strong>calcem,</strong></span> <span class='ocrx_word' id='word_1_70' title='bbox 1168 755 1232 802; x_wconf 91' lang='lat' dir='ltr'><strong>ad</strong></span> <span class='ocrx_word' id='word_1_71' title='bbox 1273 759 1708 818; x_wconf 88' lang='lat' dir='ltr'><strong>grammaticorum</strong></span> 
     </span>
     <span class='ocr_line' id='line_1_11' title="bbox 210 822 1265 882; baseline -0.003 -11"><span class='ocrx_word' id='word_1_72' title='bbox 210 824 464 871; x_wconf 89' lang='lat' dir='ltr'><strong>elementa</strong></span> <span class='ocrx_word' id='word_1_73' title='bbox 489 824 832 871; x_wconf 83' lang='lat' dir='ltr'><strong>descenditis?</strong></span> <span class='ocrx_word' id='word_1_74' title='bbox 903 822 1040 882; x_wconf 79' lang='lat' dir='ltr'><strong>Quid</strong></span> <span class='ocrx_word' id='word_1_75' title='bbox 1065 823 1265 869; x_wconf 85' lang='lat' dir='ltr'><strong>dicitis?</strong></span> 
     </span>
    </p>
   </div>
   <div class='ocr_carea' id='block_1_3' title="bbox 759 949 1188 991">
    <p class='ocr_par' dir='ltr' id='par_1_6' title="bbox 759 949 1188 991">
     <span class='ocr_line' id='line_1_12' title="bbox 759 949 1188 991; baseline -0.002 0"><span class='ocrx_word' id='word_1_76' title='bbox 759 949 832 991; x_wconf 88' lang='lat' dir='ltr'><strong>Sic</strong></span> <span class='ocrx_word' id='word_1_77' title='bbox 853 952 941 990; x_wconf 88' lang='lat' dir='ltr'><strong>itur</strong></span> <span class='ocrx_word' id='word_1_78' title='bbox 959 949 1018 990; x_wconf 91' lang='lat' dir='ltr'><strong>ad</strong></span> <span class='ocrx_word' id='word_1_79' title='bbox 1037 953 1158 990; x_wconf 85' lang='lat' dir='ltr'><strong>astra</strong></span> <span class='ocrx_word' id='word_1_80' title='bbox 1170 953 1188 990; x_wconf 74' lang='lat'><strong>,⁹</strong></span> 
     </span>
    </p>
   </div>
   <div class='ocr_carea' id='block_1_4' title="bbox 128 1065 1712 1669">
    <p class='ocr_par' dir='ltr' id='par_1_7' title="bbox 210 1065 1711 1264">
     <span class='ocr_line' id='line_1_13' title="bbox 213 1065 1710 1129; baseline -0.001 -14"><span class='ocrx_word' id='word_1_81' title='bbox 213 1069 327 1115; x_wconf 90' lang='lat' dir='ltr'><strong>Hoc</strong></span> <span class='ocrx_word' id='word_1_82' title='bbox 366 1071 501 1115; x_wconf 91' lang='lat' dir='ltr'><strong>enim</strong></span> <span class='ocrx_word' id='word_1_83' title='bbox 543 1073 637 1125; x_wconf 90' lang='lat' dir='ltr'><strong>est,</strong></span> <span class='ocrx_word' id='word_1_84' title='bbox 672 1066 807 1129; x_wconf 93' lang='lat' dir='ltr'><strong>quod</strong></span> <span class='ocrx_word' id='word_1_85' title='bbox 842 1066 966 1112; x_wconf 91' lang='lat' dir='ltr'><strong>mihi</strong></span> <span class='ocrx_word' id='word_1_86' title='bbox 1001 1065 1310 1129; x_wconf 83' lang='lat' dir='ltr'><strong>philosophia</strong></span> <span class='ocrx_word' id='word_1_87' title='bbox 1350 1068 1616 1128; x_wconf 79' lang='lat' dir='ltr'><strong>promittit,</strong></span> <span class='ocrx_word' id='word_1_88' title='bbox 1653 1071 1710 1113; x_wconf 93' lang='lat' dir='ltr'><strong>ut</strong></span> 
     </span>
     <span class='ocr_line' id='line_1_14' title="bbox 210 1132 1711 1199; baseline -0.001 -17"><span class='ocrx_word' id='word_1_89' title='bbox 210 1153 381 1199; x_wconf 89' lang='lat' dir='ltr'><strong>parem</strong></span> <span class='ocrx_word' id='word_1_90' title='bbox 422 1135 519 1182; x_wconf 92' lang='lat' dir='ltr'><strong>deo</strong></span> <span class='ocrx_word' id='word_1_91' title='bbox 561 1134 723 1181; x_wconf 86' lang='lat' dir='ltr'><strong>faciat.</strong></span> <span class='ocrx_word' id='word_1_92' title='bbox 798 1134 880 1180; x_wconf 93' lang='lat' dir='ltr'><strong>Ad</strong></span> <span class='ocrx_word' id='word_1_93' title='bbox 921 1133 1016 1180; x_wconf 88' lang='lat' dir='ltr'><strong>hoc</strong></span> <span class='ocrx_word' id='word_1_94' title='bbox 1056 1137 1297 1180; x_wconf 87' lang='lat' dir='ltr'><strong>invitatus</strong></span> <span class='ocrx_word' id='word_1_95' title='bbox 1338 1150 1464 1192; x_wconf 91' lang='lat' dir='ltr'><strong>sum,</strong></span> <span class='ocrx_word' id='word_1_96' title='bbox 1505 1133 1569 1180; x_wconf 93' lang='lat' dir='ltr'><strong>ad</strong></span> <span class='ocrx_word' id='word_1_97' title='bbox 1616 1132 1711 1180; x_wconf 90' lang='lat' dir='ltr'><strong>hoc</strong></span> 
     </span>
     <span class='ocr_line' id='line_1_15' title="bbox 210 1202 777 1264; baseline -0.004 -14"><span class='ocrx_word' id='word_1_98' title='bbox 210 1207 355 1259; x_wconf 90' lang='lat' dir='ltr'><strong>veni;</strong></span> <span class='ocrx_word' id='word_1_99' title='bbox 391 1202 542 1249; x_wconf 88' lang='lat' dir='ltr'><strong>fidem</strong></span> <span class='ocrx_word' id='word_1_100' title='bbox 566 1207 777 1264; x_wconf 87' lang='lat' dir='ltr'><strong>praesta.</strong></span> 
     </span>
    </p>

    <p class='ocr_par' dir='ltr' id='par_1_8' title="bbox 128 1267 1712 1669">
     <span class='ocr_line' id='line_1_16' title="bbox 128 1267 1712 1331; baseline -0.004 -12"><span class='ocrx_word' id='word_1_101' title='bbox 128 1273 189 1320; x_wconf 86' lang='lat'><strong>12</strong></span> <span class='ocrx_word' id='word_1_102' title='bbox 294 1269 555 1328; x_wconf 84' lang='lat' dir='ltr'><strong>Quantum</strong></span> <span class='ocrx_word' id='word_1_103' title='bbox 592 1275 735 1331; x_wconf 91' lang='lat' dir='ltr'><strong>potes</strong></span> <span class='ocrx_word' id='word_1_104' title='bbox 771 1284 906 1330; x_wconf 85' lang='lat' dir='ltr'><strong>ergo,</strong></span> <span class='ocrx_word' id='word_1_105' title='bbox 930 1270 999 1314; x_wconf 93' lang='lat' dir='ltr'><strong>mi</strong></span> <span class='ocrx_word' id='word_1_106' title='bbox 1037 1267 1215 1325; x_wconf 87' lang='lat' dir='ltr'><strong>Lucili,</strong></span> <span class='ocrx_word' id='word_1_107' title='bbox 1239 1267 1393 1314; x_wconf 89' lang='lat' dir='ltr'><strong>reduc</strong></span> <span class='ocrx_word' id='word_1_108' title='bbox 1429 1273 1482 1314; x_wconf 90' lang='lat' dir='ltr'><strong>te</strong></span> <span class='ocrx_word' id='word_1_109' title='bbox 1506 1267 1569 1313; x_wconf 88' lang='lat' dir='ltr'><strong>ab</strong></span> <span class='ocrx_word' id='word_1_110' title='bbox 1604 1270 1712 1314; x_wconf 86' lang='lat' dir='ltr'><strong>istis</strong></span> 
     </span>
     <span class='ocr_line' id='line_1_17' title="bbox 210 1334 1708 1400; baseline -0.001 -16"><span class='ocrx_word' id='word_1_111' title='bbox 210 1337 590 1400; x_wconf 87' lang='lat' dir='ltr'><strong>exceptionibus</strong></span> <span class='ocrx_word' id='word_1_112' title='bbox 647 1342 701 1383; x_wconf 90' lang='lat' dir='ltr'><strong>et</strong></span> <span class='ocrx_word' id='word_1_113' title='bbox 757 1335 1228 1398; x_wconf 83' lang='lat' dir='ltr'><strong>praescriptionibus</strong></span> <span class='ocrx_word' id='word_1_114' title='bbox 1286 1334 1708 1397; x_wconf 87' lang='lat' dir='ltr'><strong>philosophorum.</strong></span> 
     </span>
     <span class='ocr_line' id='line_1_18' title="bbox 213 1402 1711 1468; baseline -0.001 -18"><span class='ocrx_word' id='word_1_115' title='bbox 213 1406 405 1468; x_wconf 85' lang='lat' dir='ltr'><strong>Aperta</strong></span> <span class='ocrx_word' id='word_1_116' title='bbox 450 1404 638 1451; x_wconf 88' lang='lat' dir='ltr'><strong>decent</strong></span> <span class='ocrx_word' id='word_1_117' title='bbox 685 1410 739 1450; x_wconf 93' lang='lat' dir='ltr'><strong>et</strong></span> <span class='ocrx_word' id='word_1_118' title='bbox 785 1403 1028 1465; x_wconf 90' lang='lat' dir='ltr'><strong>simplicia</strong></span> <span class='ocrx_word' id='word_1_119' title='bbox 1074 1403 1366 1449; x_wconf 87' lang='lat' dir='ltr'><strong>bonitatem.</strong></span> <span class='ocrx_word' id='word_1_120' title='bbox 1462 1402 1629 1448; x_wconf 88' lang='lat' dir='ltr'><strong>Etiam</strong></span> <span class='ocrx_word' id='word_1_121' title='bbox 1671 1405 1711 1448; x_wconf 88' lang='lat' dir='ltr'><strong>si</strong></span> 
     </span>
     <span class='ocr_line' id='line_1_19' title="bbox 211 1468 1711 1534; baseline -0.003 -15"><span class='ocrx_word' id='word_1_122' title='bbox 211 1472 428 1519; x_wconf 92' lang='lat' dir='ltr'><strong>multum</strong></span> <span class='ocrx_word' id='word_1_123' title='bbox 453 1477 737 1534; x_wconf 88' lang='lat' dir='ltr'><strong>superesset</strong></span> <span class='ocrx_word' id='word_1_124' title='bbox 761 1473 958 1528; x_wconf 84' lang='lat' dir='ltr'><strong>aetatis,</strong></span> <span class='ocrx_word' id='word_1_125' title='bbox 983 1486 1130 1532; x_wconf 87' lang='lat' dir='ltr'><strong>parce</strong></span> <span class='ocrx_word' id='word_1_126' title='bbox 1163 1468 1556 1532; x_wconf 87' lang='lat' dir='ltr'><strong>dispensandum</strong></span> <span class='ocrx_word' id='word_1_127' title='bbox 1588 1475 1711 1526; x_wconf 90' lang='lat' dir='ltr'><strong>erat,</strong></span> 
     </span>
     <span class='ocr_line' id='line_1_20' title="bbox 212 1536 1711 1600; baseline -0.003 -14"><span class='ocrx_word' id='word_1_128' title='bbox 212 1546 270 1586; x_wconf 92' lang='lat' dir='ltr'><strong>ut</strong></span> <span class='ocrx_word' id='word_1_129' title='bbox 317 1539 564 1586; x_wconf 88' lang='lat' dir='ltr'><strong>sufficeret</strong></span> <span class='ocrx_word' id='word_1_130' title='bbox 611 1541 931 1593; x_wconf 83' lang='lat' dir='ltr'><strong>necessariis3</strong></span> <span class='ocrx_word' id='word_1_131' title='bbox 983 1553 1118 1584; x_wconf 90' lang='lat' dir='ltr'><strong>nunc</strong></span> <span class='ocrx_word' id='word_1_132' title='bbox 1165 1553 1293 1600; x_wconf 93' lang='lat' dir='ltr'><strong>quae</strong></span> <span class='ocrx_word' id='word_1_133' title='bbox 1333 1536 1590 1583; x_wconf 89' lang='lat' dir='ltr'><strong>dementia</strong></span> <span class='ocrx_word' id='word_1_134' title='bbox 1633 1542 1711 1583; x_wconf 93' lang='lat' dir='ltr'><strong>est</strong></span> 
     </span>
     <span class='ocr_line' id='line_1_21' title="bbox 212 1603 1706 1669; baseline -0.002 -16"><span class='ocrx_word' id='word_1_135' title='bbox 212 1623 517 1669; x_wconf 90' lang='lat' dir='ltr'><strong>supervacua</strong></span> <span class='ocrx_word' id='word_1_136' title='bbox 532 1605 724 1659; x_wconf 87' lang='lat' dir='ltr'><strong>discere</strong></span> <span class='ocrx_word' id='word_1_137' title='bbox 742 1609 795 1651; x_wconf 92' lang='lat' dir='ltr'><strong>in</strong></span> <span class='ocrx_word' id='word_1_138' title='bbox 810 1611 953 1651; x_wconf 87' lang='lat' dir='ltr'><strong>tanta</strong></span> <span class='ocrx_word' id='word_1_139' title='bbox 967 1608 1207 1667; x_wconf 88' lang='lat' dir='ltr'><strong>temporis</strong></span> <span class='ocrx_word' id='word_1_140' title='bbox 1223 1609 1451 1667; x_wconf 89' lang='lat' dir='ltr'><strong>egestate</strong></span> <span class='ocrx_word' id='word_1_141' title='bbox 1469 1606 1488 1651; x_wconf 92' lang='lat'>?</span> <span class='ocrx_word' id='word_1_142' title='bbox 1557 1603 1706 1650; x_wconf 74' lang='lat' dir='ltr'><strong>VALE.</strong></span> 
     </span>
    </p>
   </div>
   <div class='ocr_carea' id='block_1_5' title="bbox 213 1722 1742 2480">
    <p class='ocr_par' dir='ltr' id='par_1_9' title="bbox 213 1722 1742 2427">
     <span class='ocr_line' id='line_1_22' title="bbox 280 1722 1710 1778; baseline -0.002 -12.889"><span class='ocrx_word' id='word_1_143' title='bbox 280 1724 559 1778; x_wconf 81' lang='lat' dir='ltr'><strong>⁴²‚Literally</strong></span> <span class='ocrx_word' id='word_1_144' title='bbox 603 1727 695 1764; x_wconf 90' lang='lat' dir='ltr'><strong>“to</strong></span> <span class='ocrx_word' id='word_1_145' title='bbox 732 1723 862 1764; x_wconf 87' lang='lat' dir='ltr'><strong>those</strong></span> <span class='ocrx_word' id='word_1_146' title='bbox 900 1723 1000 1763; x_wconf 91' lang='lat' dir='ltr'><strong>who</strong></span> <span class='ocrx_word' id='word_1_147' title='bbox 1034 1724 1092 1763; x_wconf 90' lang='lat' dir='ltr'><strong>sit</strong></span> <span class='ocrx_word' id='word_1_148' title='bbox 1130 1722 1234 1763; x_wconf 91' lang='lat' dir='ltr'><strong>stud</strong></span> <span class='ocrx_word' id='word_1_149' title='bbox 1236 1724 1346 1775; x_wconf 88' lang='lat' dir='ltr'><strong>ying</strong></span> <span class='ocrx_word' id='word_1_150' title='bbox 1381 1722 1459 1763; x_wconf 90' lang='lat' dir='ltr'><strong>the</strong></span> <span class='ocrx_word' id='word_1_151' title='bbox 1497 1722 1710 1775; x_wconf 86' lang='lat' dir='ltr'><strong>praetor’s</strong></span> 
     </span>
     <span class='ocr_line' id='line_1_23' title="bbox 213 1775 1742 1834; baseline -0.003 -13"><span class='ocrx_word' id='word_1_152' title='bbox 213 1779 369 1821; x_wconf 87' lang='lat' dir='ltr'><strong>edicts.</strong></span> <span class='ocrx_word' id='word_1_153' title='bbox 378 1779 399 1796; x_wconf 90' lang='lat'><strong>&#39;&#39;</strong></span> <span class='ocrx_word' id='word_1_154' title='bbox 457 1778 552 1819; x_wconf 93' lang='lat' dir='ltr'><strong>The</strong></span> <span class='ocrx_word' id='word_1_155' title='bbox 585 1778 733 1818; x_wconf 81' lang='lat' dir='ltr'><strong>album</strong></span> <span class='ocrx_word' id='word_1_156' title='bbox 766 1779 803 1818; x_wconf 90' lang='lat' dir='ltr'><strong>is</strong></span> <span class='ocrx_word' id='word_1_157' title='bbox 841 1777 918 1818; x_wconf 87' lang='lat' dir='ltr'><strong>the</strong></span> <span class='ocrx_word' id='word_1_158' title='bbox 956 1777 1161 1818; x_wconf 89' lang='lat' dir='ltr'><strong>bulletin-</strong></span> <span class='ocrx_word' id='word_1_159' title='bbox 1163 1777 1317 1823; x_wconf 85' lang='lat' dir='ltr'><strong>board,</strong></span> <span class='ocrx_word' id='word_1_160' title='bbox 1353 1790 1411 1817; x_wconf 93' lang='lat' dir='ltr'><strong>on</strong></span> <span class='ocrx_word' id='word_1_161' title='bbox 1446 1776 1588 1817; x_wconf 88' lang='lat' dir='ltr'><strong>which</strong></span> <span class='ocrx_word' id='word_1_162' title='bbox 1633 1775 1711 1816; x_wconf 86' lang='lat' dir='ltr'><strong>the</strong></span> <span class='ocrx_word' id='word_1_163' title='bbox 1739 1812 1742 1834; x_wconf 69' lang='lat' dir='ltr'><em>s</em></span> 
     </span>
     <span class='ocr_line' id='line_1_24' title="bbox 213 1828 1742 1885; baseline -0.003 -10"><span class='ocrx_word' id='word_1_164' title='bbox 213 1834 355 1875; x_wconf 90' lang='lat' dir='ltr'><strong>edicts</strong></span> <span class='ocrx_word' id='word_1_165' title='bbox 375 1833 426 1874; x_wconf 88' lang='lat' dir='ltr'><strong>of</strong></span> <span class='ocrx_word' id='word_1_166' title='bbox 449 1832 529 1874; x_wconf 88' lang='lat' dir='ltr'><strong>the</strong></span> <span class='ocrx_word' id='word_1_167' title='bbox 555 1835 731 1885; x_wconf 88' lang='lat' dir='ltr'><strong>praetor</strong></span> <span class='ocrx_word' id='word_1_168' title='bbox 752 1845 866 1872; x_wconf 86' lang='lat' dir='ltr'><strong>were</strong></span> <span class='ocrx_word' id='word_1_169' title='bbox 895 1831 1070 1884; x_wconf 83' lang='lat' dir='ltr'><strong>posted,</strong></span> <span class='ocrx_word' id='word_1_170' title='bbox 1091 1832 1246 1884; x_wconf 86' lang='lat' dir='ltr'><strong>giving</strong></span> <span class='ocrx_word' id='word_1_171' title='bbox 1271 1831 1349 1871; x_wconf 88' lang='lat' dir='ltr'><strong>the</strong></span> <span class='ocrx_word' id='word_1_172' title='bbox 1378 1830 1594 1871; x_wconf 88' lang='lat' dir='ltr'><strong>formulae</strong></span> <span class='ocrx_word' id='word_1_173' title='bbox 1621 1828 1742 1871; x_wconf 91' lang='lat' dir='ltr'><strong>and</strong></span> 
     </span>
     <span class='ocr_line' id='line_1_25' title="bbox 214 1884 1742 1992; baseline -0.003 -9"><span class='ocrx_word' id='word_1_174' title='bbox 214 1886 587 1982; x_wconf 47' lang='grc' dir='ltr'><strong>εϋὲῗὲῂὲἒὲἑῗ</strong></span> <span class='ocrx_word' id='word_1_175' title='bbox 606 1884 1424 1992; x_wconf 48' lang='grc' dir='ltr'><strong>ῗὲξῗέὲξῖῗῗέεξῗαέἷῶἃῖῧζίῑξῗὲῗἃ</strong></span> <span class='ocrx_word' id='word_1_176' title='bbox 1447 1937 1588 1992; x_wconf 82' lang='lat' dir='ltr'><strong>judge</strong></span> <span class='ocrx_word' id='word_1_177' title='bbox 1620 1936 1742 1989; x_wconf 69' lang='lat' dir='ltr'><strong>and.</strong></span> 
     </span>
     <span class='ocr_line' id='line_1_26' title="bbox 214 1989 1742 2047; baseline -0.003 -10"><span class='ocrx_word' id='word_1_178' title='bbox 214 1995 488 2037; x_wconf 85' lang='lat' dir='ltr'><strong>established</strong></span> <span class='ocrx_word' id='word_1_179' title='bbox 514 2008 543 2035; x_wconf 89' lang='lat' dir='ltr'><strong>a</strong></span> <span class='ocrx_word' id='word_1_180' title='bbox 570 1994 775 2040; x_wconf 83' lang='lat' dir='ltr'><strong>formula,</strong></span> <span class='ocrx_word' id='word_1_181' title='bbox 807 1993 1054 2046; x_wconf 88' lang='lat' dir='ltr'><strong>indicating</strong></span> <span class='ocrx_word' id='word_1_182' title='bbox 1084 1992 1163 2034; x_wconf 89' lang='lat' dir='ltr'><strong>the</strong></span> <span class='ocrx_word' id='word_1_183' title='bbox 1196 1992 1424 2046; x_wconf 82' lang='lat' dir='ltr'><strong>plaintiff’s</strong></span> <span class='ocrx_word' id='word_1_184' title='bbox 1457 1992 1588 2033; x_wconf 90' lang='lat' dir='ltr'><strong>claim</strong></span> <span class='ocrx_word' id='word_1_185' title='bbox 1620 1989 1742 2047; x_wconf 83' lang='lat' dir='ltr'><strong>and</strong></span> 
     </span>
     <span class='ocr_line' id='line_1_27' title="bbox 214 2026 1742 2114; baseline -0.003 -23"><span class='ocrx_word' id='word_1_186' title='bbox 214 2050 292 2091; x_wconf 89' lang='lat' dir='ltr'><strong>the</strong></span> <span class='ocrx_word' id='word_1_187' title='bbox 306 2049 484 2114; x_wconf 81' lang='lat' dir='ltr'><strong>judge&#39;s</strong></span> <span class='ocrx_word' id='word_1_188' title='bbox 503 2048 629 2102; x_wconf 88' lang='lat' dir='ltr'><strong>duty.</strong></span> <span class='ocrx_word' id='word_1_189' title='bbox 693 2048 738 2088; x_wconf 87' lang='lat' dir='ltr'><strong>If</strong></span> <span class='ocrx_word' id='word_1_190' title='bbox 761 2047 840 2088; x_wconf 90' lang='lat' dir='ltr'><strong>the</strong></span> <span class='ocrx_word' id='word_1_191' title='bbox 868 2050 1111 2088; x_wconf 87' lang='lat' dir='ltr'><strong>statement</strong></span> <span class='ocrx_word' id='word_1_192' title='bbox 1129 2060 1221 2088; x_wconf 90' lang='lat' dir='ltr'><strong>was</strong></span> <span class='ocrx_word' id='word_1_193' title='bbox 1249 2047 1377 2094; x_wconf 84' lang='lat' dir='ltr'><strong>false,</strong></span> <span class='ocrx_word' id='word_1_194' title='bbox 1399 2060 1448 2087; x_wconf 87' lang='lat' dir='ltr'><strong>or</strong></span> <span class='ocrx_word' id='word_1_195' title='bbox 1476 2046 1554 2087; x_wconf 89' lang='lat' dir='ltr'><strong>the</strong></span> <span class='ocrx_word' id='word_1_196' title='bbox 1579 2026 1742 2087; x_wconf 89' lang='lat' dir='ltr'><strong>claim</strong></span> <span class='ocrx_word' id='word_1_197' title='bbox 1733 2059 1742 2078; x_wconf 65' lang='lat'><em>=</em></span> 
     </span>
     <span class='ocr_line' id='line_1_28' title="bbox 214 2096 1734 2156; baseline -0.003 -11"><span class='ocrx_word' id='word_1_198' title='bbox 214 2105 455 2149; x_wconf 88' lang='lat' dir='ltr'><strong>excessive‚</strong></span> <span class='ocrx_word' id='word_1_199' title='bbox 471 2102 551 2144; x_wconf 91' lang='lat' dir='ltr'><strong>the</strong></span> <span class='ocrx_word' id='word_1_200' title='bbox 569 2102 764 2156; x_wconf 89' lang='lat' dir='ltr'><strong>plaintiff</strong></span> <span class='ocrx_word' id='word_1_201' title='bbox 779 2101 867 2142; x_wconf 89' lang='lat' dir='ltr'><strong>lost</strong></span> <span class='ocrx_word' id='word_1_202' title='bbox 881 2101 950 2142; x_wconf 91' lang='lat' dir='ltr'><strong>his</strong></span> <span class='ocrx_word' id='word_1_203' title='bbox 965 2114 1096 2147; x_wconf 73' lang='lat' dir='ltr'><strong>case:</strong></span> <span class='ocrx_word' id='word_1_204' title='bbox 1122 2100 1264 2141; x_wconf 91' lang='lat' dir='ltr'><strong>under</strong></span> <span class='ocrx_word' id='word_1_205' title='bbox 1278 2102 1446 2141; x_wconf 80' lang='lat' dir='ltr'><strong>certain</strong></span> <span class='ocrx_word' id='word_1_206' title='bbox 1461 2096 1734 2141; x_wconf 67' lang='lat' dir='ltr'><strong>conditione</strong></span> 
     </span>
     <span class='ocr_line' id='line_1_29' title="bbox 215 2132 1711 2211; baseline -0.003 -12"><span class='ocrx_word' id='word_1_207' title='bbox 215 2160 308 2211; x_wconf 90' lang='lat' dir='ltr'><strong>(see</strong></span> <span class='ocrx_word' id='word_1_208' title='bbox 328 2158 414 2198; x_wconf 89' lang='lat' dir='ltr'><strong>last</strong></span> <span class='ocrx_word' id='word_1_209' title='bbox 433 2160 645 2198; x_wconf 84' lang='lat' dir='ltr'><strong>sentence</strong></span> <span class='ocrx_word' id='word_1_210' title='bbox 663 2156 717 2197; x_wconf 88' lang='lat' dir='ltr'><strong>of</strong></span> <span class='ocrx_word' id='word_1_211' title='bbox 739 2154 912 2197; x_wconf 89' lang='lat' dir='ltr'><strong>Seneca</strong></span> <span class='ocrx_word' id='word_1_212' title='bbox 929 2158 950 2205; x_wconf 68' lang='grc' dir='ltr'><strong>ἓ</strong></span> <span class='ocrx_word' id='word_1_213' title='bbox 972 2155 1041 2207; x_wconf 94' lang='grc'><strong>11)</strong></span> <span class='ocrx_word' id='word_1_214' title='bbox 1059 2132 1138 2195; x_wconf 84' lang='lat' dir='ltr'><strong>the</strong></span> <span class='ocrx_word' id='word_1_215' title='bbox 1158 2154 1404 2195; x_wconf 85' lang='lat' dir='ltr'><strong>defendant</strong></span> <span class='ocrx_word' id='word_1_216' title='bbox 1429 2153 1561 2195; x_wconf 91' lang='lat' dir='ltr'><strong>could</strong></span> <span class='ocrx_word' id='word_1_217' title='bbox 1579 2153 1711 2195; x_wconf 87' lang='lat' dir='ltr'><strong>claim</strong></span> 
     </span>
     <span class='ocr_line' id='line_1_30' title="bbox 214 2207 1706 2261; baseline -0.003 -9"><span class='ocrx_word' id='word_1_218' title='bbox 214 2212 478 2253; x_wconf 89' lang='lat' dir='ltr'><strong>annulment</strong></span> <span class='ocrx_word' id='word_1_219' title='bbox 505 2210 557 2251; x_wconf 86' lang='lat' dir='ltr'><strong>of</strong></span> <span class='ocrx_word' id='word_1_220' title='bbox 579 2210 658 2251; x_wconf 89' lang='lat' dir='ltr'><strong>the</strong></span> <span class='ocrx_word' id='word_1_221' title='bbox 686 2209 877 2250; x_wconf 87' lang='lat' dir='ltr'><strong>formula</strong></span> <span class='ocrx_word' id='word_1_222' title='bbox 905 2209 995 2249; x_wconf 89' lang='lat' dir='ltr'><strong>and</strong></span> <span class='ocrx_word' id='word_1_223' title='bbox 1023 2209 1138 2249; x_wconf 88' lang='lat' dir='ltr'><strong>have</strong></span> <span class='ocrx_word' id='word_1_224' title='bbox 1165 2208 1244 2249; x_wconf 89' lang='lat' dir='ltr'><strong>the</strong></span> <span class='ocrx_word' id='word_1_225' title='bbox 1276 2222 1379 2249; x_wconf 88' lang='lat' dir='ltr'><strong>case</strong></span> <span class='ocrx_word' id='word_1_226' title='bbox 1411 2207 1527 2249; x_wconf 86' lang='lat' dir='ltr'><strong>tried</strong></span> <span class='ocrx_word' id='word_1_227' title='bbox 1559 2209 1706 2261; x_wconf 83' lang='lat' dir='ltr'><strong>again.</strong></span> 
     </span>
     <span class='ocr_line' id='line_1_31' title="bbox 214 2262 1731 2308; baseline -0.003 -1"><span class='ocrx_word' id='word_1_228' title='bbox 214 2266 334 2307; x_wconf 94' lang='lat' dir='ltr'><strong>Such</strong></span> <span class='ocrx_word' id='word_1_229' title='bbox 354 2278 480 2306; x_wconf 91' lang='lat' dir='ltr'><strong>cases</strong></span> <span class='ocrx_word' id='word_1_230' title='bbox 501 2277 616 2305; x_wconf 90' lang='lat' dir='ltr'><strong>were</strong></span> <span class='ocrx_word' id='word_1_231' title='bbox 635 2267 714 2305; x_wconf 93' lang='lat' dir='ltr'><strong>not</strong></span> <span class='ocrx_word' id='word_1_232' title='bbox 732 2264 819 2304; x_wconf 82' lang='lat' dir='ltr'><strong>lost</strong></span> <span class='ocrx_word' id='word_1_233' title='bbox 837 2277 893 2304; x_wconf 94' lang='lat' dir='ltr'><strong>on</strong></span> <span class='ocrx_word' id='word_1_234' title='bbox 914 2263 1031 2304; x_wconf 88' lang='lat' dir='ltr'><strong>their</strong></span> <span class='ocrx_word' id='word_1_235' title='bbox 1050 2264 1216 2308; x_wconf 75' lang='lat' dir='ltr'><strong>mei-its,</strong></span> <span class='ocrx_word' id='word_1_236' title='bbox 1239 2262 1329 2303; x_wconf 88' lang='lat' dir='ltr'><strong>and</strong></span> <span class='ocrx_word' id='word_1_237' title='bbox 1348 2262 1417 2303; x_wconf 88' lang='lat' dir='ltr'><strong>for</strong></span> <span class='ocrx_word' id='word_1_238' title='bbox 1435 2262 1535 2303; x_wconf 88' lang='lat' dir='ltr'><strong>that</strong></span> <span class='ocrx_word' id='word_1_239' title='bbox 1553 2269 1731 2303; x_wconf 85' lang='lat' dir='ltr'><strong>reason</strong></span> 
     </span>
     <span class='ocr_line' id='line_1_32' title="bbox 213 2316 1710 2372; baseline -0.002 -11"><span class='ocrx_word' id='word_1_240' title='bbox 213 2321 292 2361; x_wconf 90' lang='lat' dir='ltr'><strong>the</strong></span> <span class='ocrx_word' id='word_1_241' title='bbox 329 2320 495 2372; x_wconf 86' lang='lat' dir='ltr'><strong>lawyer</strong></span> <span class='ocrx_word' id='word_1_242' title='bbox 531 2318 630 2359; x_wconf 90' lang='lat' dir='ltr'><strong>who</strong></span> <span class='ocrx_word' id='word_1_243' title='bbox 668 2317 907 2370; x_wconf 84' lang='lat' dir='ltr'><strong>purposely</strong></span> <span class='ocrx_word' id='word_1_244' title='bbox 939 2317 1049 2357; x_wconf 91' lang='lat' dir='ltr'><strong>took</strong></span> <span class='ocrx_word' id='word_1_245' title='bbox 1087 2317 1196 2357; x_wconf 89' lang='lat' dir='ltr'><strong>such</strong></span> <span class='ocrx_word' id='word_1_246' title='bbox 1234 2330 1292 2357; x_wconf 89' lang='lat' dir='ltr'><strong>an</strong></span> <span class='ocrx_word' id='word_1_247' title='bbox 1329 2316 1581 2369; x_wconf 84' lang='lat' dir='ltr'><strong>advantage</strong></span> <span class='ocrx_word' id='word_1_248' title='bbox 1619 2326 1710 2358; x_wconf 72' lang='lat' dir='ltr'><strong>was</strong></span> 
     </span>
     <span class='ocr_line' id='line_1_33' title="bbox 215 2371 897 2427; baseline -0.006 -12"><span class='ocrx_word' id='word_1_249' title='bbox 215 2374 352 2427; x_wconf 88' lang='lat' dir='ltr'><strong>doing</strong></span> <span class='ocrx_word' id='word_1_250' title='bbox 370 2387 398 2414; x_wconf 87' lang='lat' dir='ltr'><strong>a</strong></span> <span class='ocrx_word' id='word_1_251' title='bbox 416 2372 735 2426; x_wconf 88' lang='lat' dir='ltr'><strong>contemptible</strong></span> <span class='ocrx_word' id='word_1_252' title='bbox 754 2371 897 2423; x_wconf 87' lang='lat' dir='ltr'><strong>thing.</strong></span> 
     </span>
    </p>

    <p class='ocr_par' dir='ltr' id='par_1_10' title="bbox 283 2426 902 2480">
     <span class='ocr_line' id='line_1_34' title="bbox 283 2426 902 2480; baseline -0.007 -10.691"><span class='ocrx_word' id='word_1_253' title='bbox 283 2427 498 2480; x_wconf 80' lang='lat' dir='ltr'><strong>⁰Vergil,</strong></span> <span class='ocrx_word' id='word_1_254' title='bbox 519 2426 706 2474; x_wconf 73' lang='lat' dir='ltr'><strong>Aemid,</strong></span> <span class='ocrx_word' id='word_1_255' title='bbox 728 2427 785 2467; x_wconf 87' lang='lat' dir='ltr'><strong>ix.</strong></span> <span class='ocrx_word' id='word_1_256' title='bbox 810 2428 902 2467; x_wconf 82' lang='lat'>641.</span> 
     </span>
    </p>
   </div>
   <div class='ocr_carea' id='block_1_6' title="bbox 216 2579 313 2623">
    <p class='ocr_par' dir='ltr' id='par_1_11' title="bbox 216 2579 313 2623">
     <span class='ocr_line' id='line_1_35' title="bbox 216 2579 313 2623; baseline -0.021 0"><span class='ocrx_word' id='word_1_257' title='bbox 216 2579 313 2623; x_wconf 75' lang='lat'><strong>320</strong></span> 
     </span>
    </p>
   </div>
   <div class='ocr_carea' id='block_1_7' title="bbox 1713 2069 1742 2872">
    <p class='ocr_par' dir='ltr' id='par_1_12' title="bbox 1713 2069 1742 2872">
     <span class='ocr_line' id='line_1_36' title="bbox 1713 2069 1742 2872; baseline 0 0"><span class='ocrx_word' id='word_1_258' title='bbox 1713 2069 1742 2872; x_wconf 95' lang='lat' dir='ltr'><strong> </strong></span> 
     </span>
    </p>
   </div>
  </div>
 </body>
</html>
