1742 2872
505 123 650 174 THE
687 125 1008 175 EPISTLES
1045 127 1135 176 OF
1171 127 1436 175 SENECA

170 296 194 302 ,ἡ
222 239 385 285 verbis
433 255 583 301 opera
630 238 979 319 concordent&
1000 246 1058 286 ut
1104 243 1211 302 ipse
1258 240 1445 302 ubique
1494 256 1581 301 par
1626 240 1717 285 sibi

221 319 459 383 idemque
485 323 562 366 sit.

307 399 483 458 “Quis
532 400 626 446 hoc
667 401 1021 462 praestabit?’'
1120 401 1284 458 Pauci,
1332 401 1484 463 aliqui
1532 407 1716 447 tamen.

223 482 316 528 Est
341 486 475 527 enim
500 481 699 528 difficile
731 481 855 537 hoc3
890 499 984 528 nec
1019 482 1112 528 hoc
1145 482 1273 539 dico,
1307 486 1587 544 sapientem
1619 499 1719 528 uno

170 563 199 609 3
223 577 421 623 semper
461 565 649 607 iturum
691 552 866 624 gradu,
909 562 997 608 sed
1044 578 1144 608 una
1184 566 1275 609 via.
1367 563 1591 610 Observa
1630 562 1719 609 te1

222 646 410 705 itaque,
449 643 695 705 numquid
741 646 895 690 vestis
942 649 1031 689 tua
1077 643 1354 707 domusque
1402 644 1719 702 dissentiant,

222 724 469 787 numquid
493 728 546 770 in
570 731 623 771 te
647 724 866 771 liberalis
892 728 972 782 sis,
996 728 1050 771 in
1074 731 1187 771 tuos
1213 725 1456 783 sordidus,
1475 725 1720 788 numquid

223 822 373 852 cenes
411 806 690 868 frugaliter,
731 806 964 852 aedifices
1001 805 1265 853 luxuriose.
1359 807 1525 854 Unam
1562 806 1718 854 semel

222 885 287 932 ad
322 903 470 949 quam
503 890 650 932 vivas.
673 887 899 949 regulam
935 886 1127 948 prende
1164 893 1218 933 et
1253 886 1316 933 ad
1353 887 1483 933 hanc
1517 903 1718 934 omnem

221 970 377 1013 vitam
406 973 546 1014 tuam
582 984 818 1030 exaequa.
892 966 1112 1024 Quidam
1145 984 1198 1014 se
1230 968 1366 1014 domi
1399 968 1719 1026 contrahunt,

223 1048 440 1095 dilatant
458 1048 575 1095 foris
594 1055 648 1096 et
667 1049 952 1096 extendunt
969 1065 981 1104 ;
1018 1052 1195 1095 vitium
1215 1055 1292 1095 est
1312 1048 1436 1095 haec
1460 1049 1719 1097 diversitas

223 1137 276 1177 et
311 1133 509 1192 signum
540 1130 815 1177 vacillantis
843 1133 996 1177 animi
1031 1146 1090 1176 ac
1120 1130 1344 1176 nondum
1378 1130 1611 1177 habentis
1641 1137 1718 1177 te-

170 1220 197 1266 4
222 1227 395 1257 norem
421 1227 579 1258 suum.
654 1211 958 1258 Etiamnunc
982 1210 1162 1270 dicam,
1181 1211 1317 1259 unde
1341 1216 1406 1259 sit
1429 1216 1525 1259 ista
1547 1217 1718 1259 incon-

223 1296 409 1339 stantia
432 1297 486 1339 et
511 1292 863 1340 dissimilitudo
888 1309 1055 1339 rerum
1088 1293 1534 1357 consiliorumque:
1570 1309 1719 1340 nemo

222 1377 457 1436 proponit
480 1363 590 1432 sibi,
614 1373 737 1437 quid
769 1373 909 1432 velit,
934 1390 1028 1421 nec
1061 1377 1102 1421 si
1133 1379 1406 1438 proposuit,
1431 1379 1735 1437 perseverat

221 1457 274 1500 in
307 1470 383 1512 eo,
408 1454 497 1501 sed
531 1455 780 1511 transilit;
815 1471 910 1502 nec
944 1462 1143 1502 tantum
1176 1462 1358 1514 mutat,
1383 1456 1471 1503 sed
1504 1455 1637 1502 redit
1665 1461 1719 1502 et

169 1543 199 1589 5
220 1538 273 1580 in
299 1552 373 1593 ea,
398 1552 526 1599 quae
552 1536 775 1583 deseruit
798 1553 855 1583 ac
884 1537 1156 1594 damnavit,
1182 1537 1463 1584 revolvitur.
1539 1536 1717 1599 Itaque

222 1623 279 1663 ut
303 1616 582 1680 relinquam
607 1617 926 1664 definitiones
951 1621 1226 1680 sapientiae
1251 1625 1449 1665 veteres
1473 1623 1527 1665 et
1550 1624 1716 1665 totum

222 1698 511 1761 conplectar
542 1699 790 1746 humanae
822 1703 954 1746 vitae
988 1699 1209 1757 modum,
1235 1699 1330 1746 hoc
1365 1716 1564 1762 possum
1601 1716 1717 1746 con-

221 1786 394 1827 tentus
414 1796 521 1827 esse
541 1799 551 1827 :
589 1780 726 1838 Quid
751 1787 829 1828 est
849 1784 1129 1843 sapientia?
1199 1780 1409 1844 Semper
1431 1781 1567 1828 idem
1587 1780 1716 1827 velle

221 1867 375 1924 atque
404 1861 540 1908 idem
573 1862 721 1909 nolle.
795 1862 940 1909 Licet
972 1861 1109 1908 illam
1142 1862 1578 1925 exceptiunculam
1614 1878 1715 1908 non

221 1942 421 2000 adicias,
449 1949 524 1989 ut·
543 1949 737 1990 rectum
755 1946 852 2009 «sit,
885 1943 1019 2006 quod
1050 1942 1203 1999 velis;
1239 1959 1342 1990 non
1376 1949 1545 2005 potest
1581 1946 1714 1989 enim

223 2027 454 2086 cuiquam
478 2024 615 2071 idem
640 2041 838 2086 semper
861 2024 1058 2086 placere
1084 2026 1180 2070 nisi
1202 2030 1411 2071 rectum.

171 2117 198 2163 6
312 2105 555 2152 Nesciunt
613 2121 733 2168 ergo
793 2105 1036 2163 homines,
1085 2105 1204 2167 quid
1264 2105 1440 2163 velint,
1487 2108 1581 2151 nisi
1629 2104 1716 2151 illo

221 2193 496 2244 momento,
543 2203 642 2250 quo
689 2186 898 2242 volunt;
955 2190 1009 2232 in
1060 2192 1227 2233 totum
1274 2186 1402 2233 nulli
1450 2187 1581 2233 velle
1628 2192 1716 2232 aut

528 2283 542 2307 ¹
572 2282 744 2325 observa
765 2288 804 2324 te
826 2282 1012 2329 Hense;
1042 2282 1262 2323 observare
1282 2281 1413 2324 MSS.

286 2418 307 2436 ‘²
334 2409 505 2451 Seneca
533 2410 702 2462 applies
730 2413 779 2451 to
797 2409 982 2450 wisdom
1011 2409 1090 2449 the
1113 2408 1344 2450 definition
1374 2410 1425 2450 of
1450 2409 1696 2462 friendship

221 2463 401 2510 Sallust,
428 2463 628 2510 Catilina,
651 2466 716 2505 20.
737 2469 759 2504 4
784 2464 898 2504 idem
925 2464 1028 2504 velle
1049 2469 1175 2517 atque
1193 2463 1307 2504 idem
1326 2464 1452 2510 nolle,
1475 2477 1524 2503 ea
1544 2465 1669 2504 damu

210 2519 349 2571 firma
368 2518 561 2558 amicitia
579 2523 650 2559 est.

223 2589 318 2631 134
