1742 2872
478 162 626 209 THE
661 162 982 210 EPISTLES
1019 163 1109 210 OF
1145 161 1411 211 SENECA

149 270 177 319 7
282 270 591 318 Dissimilem
605 278 660 319 te
676 271 781 318 fieri
797 272 968 319 multis
983 278 1197 335 oportet.
1256 272 1392 318 Dum
1410 273 1503 318 tibi
1523 278 1690 319 tutum

196 365 298 395 non
323 355 400 395 est
415 349 432 379 ¹
457 349 521 396 ad
546 356 599 396 te
623 350 878 407 recedere,
903 353 1226 412 circumspice
1255 349 1507 411 singulos3
1543 365 1692 395 nemo

195 432 289 484 est,
309 430 388 473 cui
412 443 515 473 non
540 431 693 474 satius
719 430 784 474 sit
809 444 922 474 cum
947 427 1174 490 quolibet
1199 443 1306 474 esse
1332 443 1480 490 quam
1507 443 1688 473 secum.

195 508 226 530 “
243 503 385 550 Tunc
416 508 684 567 praecipue
717 507 770 550 in
794 511 847 551 te
871 508 979 567 ipse
1004 504 1202 560 secede,
1227 521 1342 550 cum
1367 520 1475 551 esse
1501 506 1693 566 cogeris

194 583 247 626 in
288 581 480 627 turba''
501 597 512 637 3
567 585 608 628 si
649 583 810 629 bonus
851 585 940 639 vir,
977 585 1017 629 si
1058 586 1275 645 quietus,
1312 585 1352 628 si
1388 588 1689 643 temperans.

197 658 436 722 Alioquin
471 663 525 705 in
559 659 758 705 turbam
790 660 886 706 tibi
918 676 947 705 a
978 666 1032 707 te
1065 659 1405 707 recedendum
1438 665 1544 715 est3
1581 662 1693 705 istic

198 736 328 782 malo
353 740 456 782 viro
481 741 683 799 propius
709 753 774 784 es.
848 739 998 785 VALE.

855 947 1040 994 XXVI.

544 1086 740 1134 SENECA
778 1087 979 1134 LVCILlo
1016 1103 1101 1134 SVO
1137 1103 1355 1135 SALVTEM

152 1204 176 1251 1
286 1196 439 1243 Modo
464 1196 694 1243 dicebam
729 1197 840 1253 tibi,
863 1199 916 1242 in
952 1202 1223 1258 conspectu
1263 1212 1371 1243 esse
1407 1211 1488 1243 me
1524 1212 1697 1244 senec·

198 1279 352 1339 tutis3
387 1278 487 1320 iam
510 1289 699 1332 vereor,
723 1290 789 1320 ne
815 1279 1132 1320 senectutem
1156 1280 1270 1336 post
1288 1290 1370 1320 me
1393 1274 1693 1337 reliquerim.

199 1351 354 1398 Aliud
387 1355 487 1398 iam
525 1351 602 1398 his
637 1355 795 1409 annis,
830 1357 968 1398 certe
1006 1350 1122 1397 huic
1158 1355 1367 1414 corpori,
1400 1351 1698 1398 vocabulum

199 1433 450 1487 convenit,
492 1432 726 1493 quoniam
769 1429 975 1492 quidem
1017 1435 1250 1476 senectus
1297 1429 1454 1475 lassae
1500 1433 1698 1488 aetatis,

198 1523 301 1554 non
324 1506 530 1566 fractae,
555 1523 742 1554 nomen
767 1513 874 1563 est3
910 1511 1044 1554 inter
1076 1506 1360 1569 decrepitos
1384 1523 1466 1553 me
1489 1523 1699 1553 numera

199 1591 254 1632 et
278 1591 503 1632 extrema
528 1588 798 1647 tangentis.

153 1667 180 1711 2
285 1662 484 1709 Gratias
520 1668 693 1709 tamen
729 1661 851 1708 mihi
887 1661 1021 1724 apud
1058 1668 1110 1708 te
1146 1678 1271 1725 ago3
1307 1678 1411 1708 non
1447 1665 1610 1708 sentio
1644 1664 1698 1708 in

198 1743 366 1786 animo
412 1743 594 1787 aetatis
644 1743 890 1798 iniuriam,
939 1756 1052 1786 cum
1100 1743 1312 1786 sentiam
1370 1743 1423 1786 in
1478 1756 1695 1803 corpore.

201 1817 420 1864 Tantum
445 1820 565 1864 vitia
589 1823 643 1864 et
666 1811 900 1864 vitiorum
923 1821 1201 1864 ministeria
1219 1824 1494 1864 senuerunt
1513 1834 1523 1873 ;
1561 1821 1699 1881 viget

199 1898 394 1941 animus
420 1901 473 1942 et
499 1894 689 1957 gaudet
714 1911 816 1941 non
842 1894 1058 1941 multum
1083 1895 1177 1941 sibi
1202 1911 1311 1942 esse
1337 1911 1450 1941 cum
1477 1912 1694 1958 corpore.

203 1973 443 2035 Magnam
466 1979 662 2035 partem
687 1976 852 2018 oneris
881 1976 956 2018 sui
989 1976 1168 2035 posuit.
1242 1972 1451 2018 Exultat
1488 1979 1540 2020 et
1575 1973 1698 2021 mihi

201 2049 322 2097 facit
363 2053 749 2097 controversiam
790 2050 855 2096 de
899 2056 1177 2097 senectute.
1270 2050 1424 2096 Hunc
1471 2054 1543 2097 ait
1590 2067 1698 2099 esse

151 2125 180 2171 3
201 2127 372 2175 florem
397 2144 554 2174 suum.
629 2127 900 2174 Credamus
932 2127 1036 2182 illi;
1071 2129 1204 2183 bono
1238 2144 1326 2174 suo
1359 2134 1543 2174 utatur.
1617 2128 1669 2175 Ir

199 2209 255 2253 in
309 2208 667 2268 cogitationem
723 2205 865 2251 iubet
917 2211 971 2251 et
1018 2205 1279 2267 dispicere,
1327 2206 1448 2268 quid
1498 2222 1559 2252 ex
1605 2205 1670 2252 ha

650 2322 665 2347 1
694 2327 754 2362 est
775 2321 1008 2370 Muretus;
1036 2322 1092 2363 sit
1112 2321 1242 2363 MSS.

269 2458 290 2477 α
319 2450 518 2490 Because
540 2455 569 2473 “
585 2449 775 2490 solitude
794 2452 997 2502 prompts
1016 2452 1064 2490 to
1084 2448 1213 2498 evil,'’
1233 2452 1254 2498 ἕ
1275 2452 1312 2489 5.

269 2505 285 2530 ⁶
313 2503 398 2545 See
413 2504 492 2544 the
505 2503 681 2544 twelfth
696 2503 840 2545 letter.
901 2502 1078 2548 Seneca,
1088 2516 1179 2543 was
1200 2503 1261 2556 by
1276 2503 1367 2543 this
1387 2503 1496 2543 time
1516 2505 1564 2543 at
1583 2502 1703 2545 least
1741 2527 1742 2535 κ

201 2557 429 2610 sixty-five
447 2571 577 2611 years
597 2557 686 2605 old,
708 2557 799 2598 and
817 2557 1037 2610 probably
1057 2557 1190 2598 older.

205 2621 299 2669 186
