1742 2872
466 160 613 208 THE
650 160 968 210 EPISTLES
1007 162 1096 210 OF
1132 163 1396 211 SENECA

165 270 431 334 -intellego
466 272 682 318 multum
714 278 769 319 te
802 272 1085 336 profecisse.
1159 273 1303 332 Quae
1329 276 1516 332 scribis,
1542 273 1677 321 unde

188 363 406 417 veniant,
444 363 544 406 scio
562 377 573 417 ;
623 378 723 407 non
760 368 879 408 sunt
914 362 1030 409 ficta
1064 379 1159 409 nec
1195 364 1424 411 colorata.
1502 365 1677 409 Dicam

184 452 356 494 tamen
380 448 501 510 quid
526 453 768 495 sentiam:
805 453 902 495 iam
928 450 992 497 de
1018 457 1071 497 te
1097 467 1238 513 spem
1257 452 1434 510 habeo,
1453 452 1677 498 nondum

183 534 428 583 fiduciam.
501 537 578 583 Tu
619 554 818 600 quoque
860 538 995 585 idem
1037 539 1186 585 facias
1234 539 1374 596 volo3
1432 556 1534 586 non
1582 546 1677 596 est,

182 623 317 686 quod
348 625 443 671 tibi
475 628 576 671 cito
609 631 662 672 et
695 626 839 672 facile
873 626 1058 674 credas,
1134 628 1329 675 Excute
1366 635 1419 675 te
1456 635 1509 675 et
1544 631 1677 674 varie

182 720 402 760 scrutare
428 721 481 761 et
505 715 713 762 observa
734 731 745 771 3
782 715 908 762 illud
933 722 1052 762 ante
1078 719 1246 762 omnia
1269 718 1401 775 vide,
1426 723 1594 763 utrum
1625 720 1677 763 in

131 807 160 853 3
183 800 498 864 philosophia
544 820 610 849 an
657 806 711 849 in
758 806 866 865 ipsa
912 807 1014 850 vita
1062 803 1346 866 profeceris.
1440 805 1553 851 Non
1600 810 1678 851 est

181 888 498 951 philosophia
558 890 797 953 populare
861 890 1125 937 artificium
1190 908 1284 938 nec
1349 895 1677 938 ostentationi

179 984 422 1040 paratum.
500 979 614 1024 Non
646 981 700 1024 in
732 979 913 1036 verbis,
937 979 1027 1025 sed
1060 982 1113 1025 in
1145 980 1294 1027 rebus
1327 986 1417 1027 est.
1495 980 1600 1026 Nec
1625 982 1676 1024 in
1739 969 1742 978 ¹

178 1065 274 1112 hoc
293 1066 579 1124 adhibetur,
599 1073 657 1113 ut
676 1084 790 1113 cum
808 1067 974 1130 aliqua
992 1067 1332 1115 oblectatione
1357 1074 1678 1115 consumatur

179 1152 302 1211 dies,
339 1161 397 1201 ut
439 1154 671 1201 dematur
711 1159 814 1201 otio
856 1158 1042 1202 nausia.
1117 1156 1358 1202 Animum
1399 1157 1582 1202 format
1623 1162 1677 1203 et

178 1242 405 1301 fabricat,
446 1247 603 1290 vitam
650 1244 889 1306 disponit,
933 1247 1157 1295 actiones
1199 1249 1348 1308 regit,
1384 1245 1581 1307 agenda
1623 1251 1676 1291 et

177 1330 459 1378 omittenda
500 1330 829 1388 demonstrat,
873 1331 1019 1378 sedet
1066 1331 1131 1378 ad
1177 1332 1574 1394 gubernaculum
1622 1338 1681 1378 et

177 1434 268 1480 per
298 1422 538 1481 ancipitia
560 1418 914 1465 fluctuantium
940 1419 1127 1482 derigit
1152 1436 1363 1467 cursum.
1437 1420 1556 1467 Sine
1583 1420 1674 1466 hac

176 1523 326 1553 nemo
372 1507 625 1569 intrepide
673 1513 843 1569 potest
889 1511 1072 1565 vivere,
1119 1525 1270 1554 nemo
1316 1524 1503 1555 secure.
1593 1508 1673 1554 In-

176 1596 505 1642 numerabilia
540 1595 778 1643 accidunt
814 1596 1024 1658 singulis
1062 1595 1212 1655 horis,
1247 1613 1375 1660 quae
1412 1597 1672 1644 consilium

176 1687 399 1746 exigant,
424 1683 558 1747 quod
582 1684 645 1730 ab
670 1683 763 1730 hac
788 1684 1067 1746 petendum
1093 1690 1183 1731 est.

125 1771 157 1816 4
263 1773 415 1820 Dicet
440 1773 617 1836 aliquis
637 1791 647 1819 ε
684 1778 716 1801 “
733 1771 870 1830 Quid
895 1772 1019 1819 mihi
1043 1773 1250 1836 prodest
1276 1773 1607 1837 philosophia,
1632 1778 1671 1821 si

175 1860 336 1907 fatum
362 1863 474 1908 est?
547 1860 682 1918 Quid
708 1860 930 1923 prodest,
950 1865 989 1907 si
1014 1861 1139 1908 deus
1162 1867 1329 1908 rector
1353 1865 1467 1909 est?
1536 1861 1671 1920 Quid

175 1950 396 2011 prodest,
421 1954 462 1997 si
486 1966 626 1997 casus
650 1950 899 2012 imperat?
972 1950 1101 1995 Nam
1127 1955 1180 1996 et
1204 1954 1385 1996 mutari
1410 1957 1547 1997 certa
1570 1967 1671 1997 non

175 2044 386 2101 possunt
418 2044 472 2085 et
504 2037 630 2084 nihil
662 2041 944 2100 praeparari
977 2043 1146 2100 potest
1181 2037 1416 2085 adversus
1450 2042 1671 2095 incerta3

174 2127 264 2174 sed
288 2133 376 2173 aut
402 2127 665 2173 consilium
691 2143 859 2172 meum
892 2126 1155 2188 occu'pavit
1187 2126 1312 2173 deus
1345 2126 1670 2190 decrevitque

174 2214 296 2278 quid
314 2214 546 2272 facerem,
554 2220 642 2261 aut
658 2213 864 2261 consilio
879 2230 994 2260 meo
1009 2213 1136 2259 nihil
1153 2213 1354 2260 fortuna
1370 2214 1668 2276 permittit.”
1741 2211 1742 2218 ¹

125 2308 154 2353 5
178 2302 432 2365 Quicquid
465 2309 543 2349 est
576 2318 638 2349 ex
671 2301 764 2359 his,
791 2301 969 2359 Lucili,
995 2302 1074 2348 vel
1109 2305 1148 2348 si
1178 2306 1346 2348 omnia
1380 2302 1503 2349 haec
1535 2309 1669 2361 sunt,

176 2390 633 2454 philosophandum
669 2395 776 2436 est:
831 2392 933 2435 sive
970 2405 1059 2435 nos
1095 2389 1388 2435 inexorabili
1419 2389 1533 2452 lege
1566 2389 1669 2436 fata

442 2577 463 2597 ⁶
490 2570 578 2616 i.e.,
600 2568 714 2609 have
734 2567 902 2621 merely
922 2567 1153 2608 advanced
1172 2569 1216 2608 in
1237 2581 1380 2621 years.

182 2642 274 2684 104
