<?xml version="1.0" encoding="UTF-8"?>
<!DOCTYPE html PUBLIC "-//W3C//DTD XHTML 1.0 Transitional//EN"
    "http://www.w3.org/TR/xhtml1/DTD/xhtml1-transitional.dtd">
<html xmlns="http://www.w3.org/1999/xhtml" xml:lang="en" lang="en">
 <head>
  <title>
</title>
<meta http-equiv="Content-Type" content="text/html;charset=utf-8" />
  <meta name='ocr-system' content='tesseract 3.04.00' />
  <meta name='ocr-capabilities' content='ocr_page ocr_carea ocr_par ocr_line ocrx_word'/>
</head>
<body>
  <div class='ocr_page' id='page_1' title='image "adluciliumepistu01seneuoft_0174.png"; bbox 0 0 1742 2872; ppageno 0'>
   <div class='ocr_carea' id='block_1_1' title="bbox 159 179 1714 2484">
    <p class='ocr_par' dir='ltr' id='par_1_1' title="bbox 500 179 1432 232">
     <span class='ocr_line' id='line_1_1' title="bbox 500 179 1432 232; baseline -0.001 -1"><span class='ocrx_word' id='word_1_1' title='bbox 500 179 647 231; x_wconf 83' lang='lat' dir='ltr'><strong>THE</strong></span> <span class='ocrx_word' id='word_1_2' title='bbox 683 181 1004 232; x_wconf 89' lang='lat' dir='ltr'>EPISTLES</span> <span class='ocrx_word' id='word_1_3' title='bbox 1041 183 1131 232; x_wconf 91' lang='lat' dir='ltr'><strong>OF</strong></span> <span class='ocrx_word' id='word_1_4' title='bbox 1167 183 1432 232; x_wconf 89' lang='lat' dir='ltr'>SENECA</span> 
     </span>
    </p>

    <p class='ocr_par' dir='ltr' id='par_1_2' title="bbox 168 288 1712 357">
     <span class='ocr_line' id='line_1_2' title="bbox 168 288 1712 357; baseline 0.001 -19"><span class='ocrx_word' id='word_1_5' title='bbox 168 294 196 344; x_wconf 83' lang='lat'>3</span> <span class='ocrx_word' id='word_1_6' title='bbox 220 288 430 339; x_wconf 86' lang='lat' dir='ltr'><strong>randum</strong></span> <span class='ocrx_word' id='word_1_7' title='bbox 461 300 550 341; x_wconf 89' lang='lat' dir='ltr'><strong>est.</strong></span> <span class='ocrx_word' id='word_1_8' title='bbox 626 295 742 340; x_wconf 92' lang='lat' dir='ltr'><strong>Non</strong></span> <span class='ocrx_word' id='word_1_9' title='bbox 774 301 972 341; x_wconf 88' lang='lat' dir='ltr'><strong>tantum</strong></span> <span class='ocrx_word' id='word_1_10' title='bbox 1004 297 1299 357; x_wconf 90' lang='lat' dir='ltr'><strong>praesentis,</strong></span> <span class='ocrx_word' id='word_1_11' title='bbox 1338 294 1428 340; x_wconf 88' lang='lat' dir='ltr'><strong>sed</strong></span> <span class='ocrx_word' id='word_1_12' title='bbox 1459 293 1712 356; x_wconf 89' lang='lat' dir='ltr'><strong>vigilantis</strong></span> 
     </span>
    </p>

    <p class='ocr_par' dir='ltr' id='par_1_3' title="bbox 219 406 1711 469">
     <span class='ocr_line' id='line_1_3' title="bbox 219 406 1711 469; baseline 0 -18"><span class='ocrx_word' id='word_1_13' title='bbox 219 411 298 451; x_wconf 89' lang='lat' dir='ltr'><strong>est</strong></span> <span class='ocrx_word' id='word_1_14' title='bbox 322 409 630 453; x_wconf 84' lang='lat' dir='ltr'>occasionem</span> <span class='ocrx_word' id='word_1_15' title='bbox 656 408 918 454; x_wconf 90' lang='lat' dir='ltr'><strong>observare</strong></span> <span class='ocrx_word' id='word_1_16' title='bbox 938 413 1304 469; x_wconf 80' lang='lat' dir='ltr'><strong>properantem.</strong></span> <span class='ocrx_word' id='word_1_17' title='bbox 1382 406 1558 468; x_wconf 83' lang='lat' dir='ltr'><strong>Itaque</strong></span> <span class='ocrx_word' id='word_1_18' title='bbox 1583 406 1711 451; x_wconf 88' lang='lat' dir='ltr'><strong>hanc</strong></span> 
     </span>
    </p>

    <p class='ocr_par' dir='ltr' id='par_1_4' title="bbox 218 519 1713 694">
     <span class='ocr_line' id='line_1_4' title="bbox 219 519 1713 582; baseline 0.001 -19"><span class='ocrx_word' id='word_1_19' title='bbox 219 521 559 581; x_wconf 85' lang='lat' dir='ltr'><strong>circumspice,</strong></span> <span class='ocrx_word' id='word_1_20' title='bbox 591 519 722 565; x_wconf 90' lang='lat' dir='ltr'><strong>hanc</strong></span> <span class='ocrx_word' id='word_1_21' title='bbox 753 523 794 566; x_wconf 91' lang='lat' dir='ltr'><strong>si</strong></span> <span class='ocrx_word' id='word_1_22' title='bbox 827 520 1026 578; x_wconf 89' lang='lat' dir='ltr'><strong>videris,</strong></span> <span class='ocrx_word' id='word_1_23' title='bbox 1052 520 1242 582; x_wconf 86' lang='lat' dir='ltr'><strong>prende</strong></span> <span class='ocrx_word' id='word_1_24' title='bbox 1276 526 1330 566; x_wconf 87' lang='lat' dir='ltr'><strong>et</strong></span> <span class='ocrx_word' id='word_1_25' title='bbox 1361 525 1470 566; x_wconf 91' lang='lat' dir='ltr'><strong>toto</strong></span> <span class='ocrx_word' id='word_1_26' title='bbox 1502 523 1713 580; x_wconf 88' lang='lat' dir='ltr'><strong>impetu,</strong></span> 
     </span>
     <span class='ocr_line' id='line_1_5' title="bbox 218 632 1432 694; baseline 0.001 -18"><span class='ocrx_word' id='word_1_27' title='bbox 218 634 337 677; x_wconf 87' lang='lat' dir='ltr'><strong>totis</strong></span> <span class='ocrx_word' id='word_1_28' title='bbox 362 632 547 678; x_wconf 91' lang='lat' dir='ltr'><strong>viribus</strong></span> <span class='ocrx_word' id='word_1_29' title='bbox 570 632 622 678; x_wconf 94' lang='lat' dir='ltr'><strong>id</strong></span> <span class='ocrx_word' id='word_1_30' title='bbox 645 648 757 694; x_wconf 89' lang='lat' dir='ltr'><strong>age,</strong></span> <span class='ocrx_word' id='word_1_31' title='bbox 782 639 840 678; x_wconf 90' lang='lat' dir='ltr'><strong>ut</strong></span> <span class='ocrx_word' id='word_1_32' title='bbox 866 639 917 679; x_wconf 91' lang='lat' dir='ltr'><strong>te</strong></span> <span class='ocrx_word' id='word_1_33' title='bbox 942 636 1050 679; x_wconf 90' lang='lat' dir='ltr'><strong>istis</strong></span> <span class='ocrx_word' id='word_1_34' title='bbox 1074 632 1242 679; x_wconf 88' lang='lat' dir='ltr'><strong>officiis</strong></span> <span class='ocrx_word' id='word_1_35' title='bbox 1268 648 1432 678; x_wconf 82' lang='lat' dir='ltr'><strong>exuas.</strong></span> 
     </span>
    </p>

    <p class='ocr_par' dir='ltr' id='par_1_5' title="bbox 216 743 1713 1366">
     <span class='ocr_line' id='line_1_6' title="bbox 302 743 1712 806; baseline 0 -17"><span class='ocrx_word' id='word_1_36' title='bbox 302 743 370 789; x_wconf 91' lang='lat' dir='ltr'><strong>Et</strong></span> <span class='ocrx_word' id='word_1_37' title='bbox 388 743 590 806; x_wconf 91' lang='lat' dir='ltr'><strong>quidem</strong></span> <span class='ocrx_word' id='word_1_38' title='bbox 609 759 758 806; x_wconf 88' lang='lat' dir='ltr'><strong>quam</strong></span> <span class='ocrx_word' id='word_1_39' title='bbox 779 748 1085 791; x_wconf 81' lang='lat' dir='ltr'><strong>sententiam</strong></span> <span class='ocrx_word' id='word_1_40' title='bbox 1104 744 1278 802; x_wconf 88' lang='lat' dir='ltr'><strong>feram,</strong></span> <span class='ocrx_word' id='word_1_41' title='bbox 1297 743 1532 790; x_wconf 83' lang='lat' dir='ltr'><strong>adtende.</strong></span> <span class='ocrx_word' id='word_1_42' title='bbox 1585 744 1712 790; x_wconf 85' lang='lat' dir='ltr'><strong>Cen-</strong></span> 
     </span>
     <span class='ocr_line' id='line_1_7' title="bbox 218 855 1712 908; baseline 0 -6"><span class='ocrx_word' id='word_1_43' title='bbox 218 872 302 902; x_wconf 90' lang='lat' dir='ltr'><strong>seo</strong></span> <span class='ocrx_word' id='word_1_44' title='bbox 337 862 425 902; x_wconf 86' lang='lat' dir='ltr'><strong>aut</strong></span> <span class='ocrx_word' id='word_1_45' title='bbox 461 872 523 902; x_wconf 88' lang='lat' dir='ltr'><strong>ex</strong></span> <span class='ocrx_word' id='word_1_46' title='bbox 547 860 642 903; x_wconf 88' lang='lat' dir='ltr'><strong>ista</strong></span> <span class='ocrx_word' id='word_1_47' title='bbox 671 860 773 902; x_wconf 90' lang='lat' dir='ltr'><strong>vita</strong></span> <span class='ocrx_word' id='word_1_48' title='bbox 808 858 902 903; x_wconf 90' lang='lat' dir='ltr'><strong>tibi</strong></span> <span class='ocrx_word' id='word_1_49' title='bbox 933 863 1023 903; x_wconf 89' lang='lat' dir='ltr'><strong>aut</strong></span> <span class='ocrx_word' id='word_1_50' title='bbox 1047 873 1075 904; x_wconf 91' lang='lat' dir='ltr'><strong>e</strong></span> <span class='ocrx_word' id='word_1_51' title='bbox 1107 860 1210 903; x_wconf 86' lang='lat' dir='ltr'><strong>vita</strong></span> <span class='ocrx_word' id='word_1_52' title='bbox 1238 856 1537 908; x_wconf 86' lang='lat' dir='ltr'><strong>exeundum.</strong></span> <span class='ocrx_word' id='word_1_53' title='bbox 1611 855 1712 902; x_wconf 86' lang='lat' dir='ltr'><strong>Sed</strong></span> 
     </span>
     <span class='ocr_line' id='line_1_8' title="bbox 216 966 1712 1030; baseline 0.001 -18"><span class='ocrx_word' id='word_1_54' title='bbox 216 966 352 1013; x_wconf 90' lang='lat' dir='ltr'><strong>idem</strong></span> <span class='ocrx_word' id='word_1_55' title='bbox 377 966 502 1014; x_wconf 94' lang='lat' dir='ltr'><strong>illud</strong></span> <span class='ocrx_word' id='word_1_56' title='bbox 527 970 773 1025; x_wconf 88' lang='lat' dir='ltr'><strong>existimo,</strong></span> <span class='ocrx_word' id='word_1_57' title='bbox 811 968 913 1014; x_wconf 91' lang='lat' dir='ltr'><strong>leni</strong></span> <span class='ocrx_word' id='word_1_58' title='bbox 949 967 1171 1014; x_wconf 90' lang='lat' dir='ltr'><strong>eundum</strong></span> <span class='ocrx_word' id='word_1_59' title='bbox 1202 972 1294 1025; x_wconf 91' lang='lat' dir='ltr'><strong>via,</strong></span> <span class='ocrx_word' id='word_1_60' title='bbox 1320 974 1377 1013; x_wconf 88' lang='lat' dir='ltr'><strong>ut</strong></span> <span class='ocrx_word' id='word_1_61' title='bbox 1412 967 1546 1030; x_wconf 93' lang='lat' dir='ltr'><strong>quod</strong></span> <span class='ocrx_word' id='word_1_62' title='bbox 1582 967 1712 1014; x_wconf 90' lang='lat' dir='ltr'><strong>male</strong></span> 
     </span>
     <span class='ocr_line' id='line_1_9' title="bbox 217 1079 1713 1143; baseline 0.001 -19"><span class='ocrx_word' id='word_1_63' title='bbox 217 1079 508 1141; x_wconf 91' lang='lat' dir='ltr'><strong>inplicuisti,</strong></span> <span class='ocrx_word' id='word_1_64' title='bbox 544 1079 703 1126; x_wconf 89' lang='lat' dir='ltr'><strong>solvas</strong></span> <span class='ocrx_word' id='word_1_65' title='bbox 739 1083 904 1142; x_wconf 91' lang='lat' dir='ltr'><strong>potius</strong></span> <span class='ocrx_word' id='word_1_66' title='bbox 940 1096 1091 1143; x_wconf 90' lang='lat' dir='ltr'><strong>quam</strong></span> <span class='ocrx_word' id='word_1_67' title='bbox 1125 1080 1405 1142; x_wconf 81' lang='lat' dir='ltr'><strong>abrumpas,</strong></span> <span class='ocrx_word' id='word_1_68' title='bbox 1441 1079 1713 1126; x_wconf 91' lang='lat' dir='ltr'><strong>dummodo</strong></span> 
     </span>
     <span class='ocr_line' id='line_1_10' title="bbox 216 1190 1712 1254; baseline 0.001 -18"><span class='ocrx_word' id='word_1_69' title='bbox 216 1194 257 1237; x_wconf 93' lang='lat' dir='ltr'><strong>si</strong></span> <span class='ocrx_word' id='word_1_70' title='bbox 289 1190 386 1236; x_wconf 91' lang='lat' dir='ltr'><strong>alia</strong></span> <span class='ocrx_word' id='word_1_71' title='bbox 418 1190 643 1238; x_wconf 88' lang='lat' dir='ltr'><strong>solvendi</strong></span> <span class='ocrx_word' id='word_1_72' title='bbox 668 1194 794 1237; x_wconf 90' lang='lat' dir='ltr'><strong>ratio</strong></span> <span class='ocrx_word' id='word_1_73' title='bbox 818 1207 919 1237; x_wconf 93' lang='lat' dir='ltr'><strong>non</strong></span> <span class='ocrx_word' id='word_1_74' title='bbox 953 1195 1064 1249; x_wconf 85' lang='lat' dir='ltr'><strong>erit,</strong></span> <span class='ocrx_word' id='word_1_75' title='bbox 1089 1191 1170 1238; x_wconf 90' lang='lat' dir='ltr'><strong>vel</strong></span> <span class='ocrx_word' id='word_1_76' title='bbox 1198 1192 1476 1254; x_wconf 85' lang='lat' dir='ltr'><strong>abrumpas.</strong></span> <span class='ocrx_word' id='word_1_77' title='bbox 1552 1191 1712 1238; x_wconf 89' lang='lat' dir='ltr'><strong>Nemo</strong></span> 
     </span>
     <span class='ocr_line' id='line_1_11' title="bbox 216 1302 1710 1366; baseline 0 -18"><span class='ocrx_word' id='word_1_78' title='bbox 216 1307 321 1349; x_wconf 88' lang='lat' dir='ltr'><strong>tam</strong></span> <span class='ocrx_word' id='word_1_79' title='bbox 346 1302 551 1349; x_wconf 90' lang='lat' dir='ltr'><strong>timidus</strong></span> <span class='ocrx_word' id='word_1_80' title='bbox 572 1309 666 1360; x_wconf 89' lang='lat' dir='ltr'><strong>est,</strong></span> <span class='ocrx_word' id='word_1_81' title='bbox 684 1309 743 1349; x_wconf 91' lang='lat' dir='ltr'><strong>ut</strong></span> <span class='ocrx_word' id='word_1_82' title='bbox 761 1303 903 1350; x_wconf 90' lang='lat' dir='ltr'><strong>malit</strong></span> <span class='ocrx_word' id='word_1_83' title='bbox 928 1319 1127 1366; x_wconf 86' lang='lat' dir='ltr'><strong>semper</strong></span> <span class='ocrx_word' id='word_1_84' title='bbox 1144 1302 1368 1365; x_wconf 87' lang='lat' dir='ltr'><strong>pendere</strong></span> <span class='ocrx_word' id='word_1_85' title='bbox 1386 1319 1536 1365; x_wconf 87' lang='lat' dir='ltr'><strong>quam</strong></span> <span class='ocrx_word' id='word_1_86' title='bbox 1555 1303 1710 1349; x_wconf 89' lang='lat' dir='ltr'><strong>semel</strong></span> 
     </span>
    </p>

    <p class='ocr_par' dir='ltr' id='par_1_6' title="bbox 165 1414 1714 2266">
     <span class='ocr_line' id='line_1_12' title="bbox 165 1414 1706 1478; baseline 0.002 -17"><span class='ocrx_word' id='word_1_87' title='bbox 165 1423 194 1467; x_wconf 89' lang='lat'>4</span> <span class='ocrx_word' id='word_1_88' title='bbox 215 1414 406 1462; x_wconf 89' lang='lat' dir='ltr'><strong>cadere.</strong></span> <span class='ocrx_word' id='word_1_89' title='bbox 485 1414 710 1472; x_wconf 85' lang='lat' dir='ltr'><strong>Interim,</strong></span> <span class='ocrx_word' id='word_1_90' title='bbox 735 1415 870 1478; x_wconf 93' lang='lat' dir='ltr'><strong>quod</strong></span> <span class='ocrx_word' id='word_1_91' title='bbox 890 1419 1106 1478; x_wconf 89' lang='lat' dir='ltr'><strong>primum</strong></span> <span class='ocrx_word' id='word_1_92' title='bbox 1131 1422 1224 1473; x_wconf 88' lang='lat' dir='ltr'><strong>est,</strong></span> <span class='ocrx_word' id='word_1_93' title='bbox 1243 1415 1486 1478; x_wconf 89' lang='lat' dir='ltr'><strong>impedire</strong></span> <span class='ocrx_word' id='word_1_94' title='bbox 1510 1421 1564 1462; x_wconf 90' lang='lat' dir='ltr'><strong>te</strong></span> <span class='ocrx_word' id='word_1_95' title='bbox 1587 1415 1706 1465; x_wconf 90' lang='lat' dir='ltr'><strong>noli.</strong></span> 
     </span>
     <span class='ocr_line' id='line_1_13' title="bbox 214 1526 1708 1590; baseline 0 -16"><span class='ocrx_word' id='word_1_96' title='bbox 214 1528 496 1574; x_wconf 82' lang='lat' dir='ltr'><strong>Contentus</strong></span> <span class='ocrx_word' id='word_1_97' title='bbox 544 1532 653 1573; x_wconf 91' lang='lat' dir='ltr'><strong>esto</strong></span> <span class='ocrx_word' id='word_1_98' title='bbox 700 1531 934 1590; x_wconf 87' lang='lat' dir='ltr'><strong>negotiis,</strong></span> <span class='ocrx_word' id='word_1_99' title='bbox 990 1531 1043 1573; x_wconf 92' lang='lat' dir='ltr'><strong>in</strong></span> <span class='ocrx_word' id='word_1_100' title='bbox 1089 1542 1217 1590; x_wconf 87' lang='lat' dir='ltr'><strong>quae</strong></span> <span class='ocrx_word' id='word_1_101' title='bbox 1265 1526 1588 1585; x_wconf 83' lang='lat' dir='ltr'><strong>descendisti,</strong></span> <span class='ocrx_word' id='word_1_102' title='bbox 1629 1527 1708 1574; x_wconf 92' lang='lat' dir='ltr'><strong>vel</strong></span> 
     </span>
     <span class='ocr_line' id='line_1_14' title="bbox 214 1639 1710 1702; baseline 0 -16"><span class='ocrx_word' id='word_1_103' title='bbox 214 1639 349 1702; x_wconf 91' lang='lat' dir='ltr'><strong>quod</strong></span> <span class='ocrx_word' id='word_1_104' title='bbox 397 1639 553 1686; x_wconf 90' lang='lat' dir='ltr'><strong>videri</strong></span> <span class='ocrx_word' id='word_1_105' title='bbox 607 1643 777 1697; x_wconf 91' lang='lat' dir='ltr'><strong>mavis,</strong></span> <span class='ocrx_word' id='word_1_106' title='bbox 825 1639 1060 1686; x_wconf 88' lang='lat' dir='ltr'><strong>incidisti.</strong></span> <span class='ocrx_word' id='word_1_107' title='bbox 1158 1639 1274 1685; x_wconf 89' lang='lat' dir='ltr'><strong>Non</strong></span> <span class='ocrx_word' id='word_1_108' title='bbox 1330 1645 1408 1685; x_wconf 89' lang='lat' dir='ltr'><strong>est</strong></span> <span class='ocrx_word' id='word_1_109' title='bbox 1454 1639 1588 1702; x_wconf 92' lang='lat' dir='ltr'><strong>quod</strong></span> <span class='ocrx_word' id='word_1_110' title='bbox 1645 1639 1710 1686; x_wconf 88' lang='lat' dir='ltr'><strong>ad</strong></span> 
     </span>
     <span class='ocr_line' id='line_1_15' title="bbox 213 1751 1708 1815; baseline -0.001 -17"><span class='ocrx_word' id='word_1_111' title='bbox 213 1751 450 1799; x_wconf 84' lang='lat' dir='ltr'><strong>ulteriora</strong></span> <span class='ocrx_word' id='word_1_112' title='bbox 489 1755 692 1807; x_wconf 89' lang='lat' dir='ltr'><strong>nitaris;</strong></span> <span class='ocrx_word' id='word_1_113' title='bbox 751 1758 839 1798; x_wconf 90' lang='lat' dir='ltr'><strong>aut</strong></span> <span class='ocrx_word' id='word_1_114' title='bbox 886 1752 1066 1814; x_wconf 86' lang='lat' dir='ltr'><strong>perdes</strong></span> <span class='ocrx_word' id='word_1_115' title='bbox 1114 1754 1487 1798; x_wconf 88' lang='lat' dir='ltr'><strong>excusationem</strong></span> <span class='ocrx_word' id='word_1_116' title='bbox 1530 1757 1583 1798; x_wconf 90' lang='lat' dir='ltr'><strong>et</strong></span> <span class='ocrx_word' id='word_1_117' title='bbox 1623 1768 1708 1815; x_wconf 89' lang='lat' dir='ltr'><strong>ap-</strong></span> 
     </span>
     <span class='ocr_line' id='line_1_16' title="bbox 212 1863 1711 1927; baseline 0.001 -17"><span class='ocrx_word' id='word_1_118' title='bbox 212 1864 408 1927; x_wconf 90' lang='lat' dir='ltr'><strong>parebit</strong></span> <span class='ocrx_word' id='word_1_119' title='bbox 432 1870 485 1910; x_wconf 92' lang='lat' dir='ltr'><strong>te</strong></span> <span class='ocrx_word' id='word_1_120' title='bbox 506 1880 607 1910; x_wconf 91' lang='lat' dir='ltr'><strong>non</strong></span> <span class='ocrx_word' id='word_1_121' title='bbox 631 1864 879 1911; x_wconf 89' lang='lat' dir='ltr'><strong>incidisse.</strong></span> <span class='ocrx_word' id='word_1_122' title='bbox 954 1863 1056 1911; x_wconf 91' lang='lat' dir='ltr'><strong>Ista</strong></span> <span class='ocrx_word' id='word_1_123' title='bbox 1081 1868 1234 1922; x_wconf 89' lang='lat' dir='ltr'><strong>enim,</strong></span> <span class='ocrx_word' id='word_1_124' title='bbox 1258 1873 1386 1927; x_wconf 86' lang='lat' dir='ltr'><strong>quae</strong></span> <span class='ocrx_word' id='word_1_125' title='bbox 1405 1864 1503 1910; x_wconf 91' lang='lat' dir='ltr'><strong>dici</strong></span> <span class='ocrx_word' id='word_1_126' title='bbox 1527 1864 1711 1922; x_wconf 90' lang='lat' dir='ltr'><strong>solent,</strong></span> 
     </span>
     <span class='ocr_line' id='line_1_17' title="bbox 212 1972 1714 2039; baseline 0.001 -17"><span class='ocrx_word' id='word_1_127' title='bbox 212 1977 335 2023; x_wconf 87' lang='lat' dir='ltr'><strong>falsa</strong></span> <span class='ocrx_word' id='word_1_128' title='bbox 376 1983 524 2023; x_wconf 89' lang='lat' dir='ltr'><strong>sunt:</strong></span> <span class='ocrx_word' id='word_1_129' title='bbox 585 1978 749 2023; x_wconf 89' lang='lat' dir='ltr'><strong>“Non</strong></span> <span class='ocrx_word' id='word_1_130' title='bbox 790 1980 932 2039; x_wconf 88' lang='lat' dir='ltr'><strong>potui</strong></span> <span class='ocrx_word' id='word_1_131' title='bbox 973 1977 1131 2023; x_wconf 88' lang='lat' dir='ltr'><strong>aliter.</strong></span> <span class='ocrx_word' id='word_1_132' title='bbox 1207 1975 1360 2034; x_wconf 81' lang='lat' dir='ltr'><strong>Quid,</strong></span> <span class='ocrx_word' id='word_1_133' title='bbox 1402 1980 1442 2023; x_wconf 93' lang='lat' dir='ltr'><strong>si</strong></span> <span class='ocrx_word' id='word_1_134' title='bbox 1483 1972 1669 2024; x_wconf 71' lang='lat' dir='ltr'><strong>nollem</strong></span> <span class='ocrx_word' id='word_1_135' title='bbox 1687 1979 1714 2023; x_wconf 76' lang='lat'><strong>?&#39;</strong></span> 
     </span>
     <span class='ocr_line' id='line_1_18' title="bbox 214 2075 1714 2138; baseline 0.001 -2"><span class='ocrx_word' id='word_1_136' title='bbox 214 2090 432 2136; x_wconf 86' lang='lat' dir='ltr'><strong>Necesse</strong></span> <span class='ocrx_word' id='word_1_137' title='bbox 469 2090 623 2136; x_wconf 88' lang='lat' dir='ltr'><strong>erat.’&#39;</strong></span> <span class='ocrx_word' id='word_1_138' title='bbox 699 2089 839 2135; x_wconf 82' lang='lat' dir='ltr'><strong>Nulli</strong></span> <span class='ocrx_word' id='word_1_139' title='bbox 874 2105 1081 2136; x_wconf 81' lang='lat' dir='ltr'><strong>necesse</strong></span> <span class='ocrx_word' id='word_1_140' title='bbox 1115 2095 1194 2136; x_wconf 91' lang='lat' dir='ltr'><strong>est</strong></span> <span class='ocrx_word' id='word_1_141' title='bbox 1228 2089 1525 2136; x_wconf 83' lang='lat' dir='ltr'><strong>felicitatem</strong></span> <span class='ocrx_word' id='word_1_142' title='bbox 1562 2075 1714 2138; x_wconf 24' lang='lat' dir='ltr'><strong>cursu*</strong></span> 
     </span>
     <span class='ocr_line' id='line_1_19' title="bbox 210 2201 1676 2266; baseline -0.002 -16"><span class='ocrx_word' id='word_1_143' title='bbox 210 2207 351 2266; x_wconf 90' lang='lat' dir='ltr'><strong>sequi</strong></span> <span class='ocrx_word' id='word_1_144' title='bbox 373 2222 382 2258; x_wconf 93' lang='lat'>;</span> <span class='ocrx_word' id='word_1_145' title='bbox 421 2210 499 2250; x_wconf 90' lang='lat' dir='ltr'><strong>est</strong></span> <span class='ocrx_word' id='word_1_146' title='bbox 522 2202 726 2266; x_wconf 87' lang='lat' dir='ltr'><strong>aliquid,</strong></span> <span class='ocrx_word' id='word_1_147' title='bbox 752 2206 906 2249; x_wconf 90' lang='lat' dir='ltr'><strong>etiam</strong></span> <span class='ocrx_word' id='word_1_148' title='bbox 924 2206 965 2249; x_wconf 91' lang='lat' dir='ltr'><strong>si</strong></span> <span class='ocrx_word' id='word_1_149' title='bbox 988 2219 1091 2249; x_wconf 89' lang='lat' dir='ltr'><strong>non</strong></span> <span class='ocrx_word' id='word_1_150' title='bbox 1115 2218 1412 2265; x_wconf 87' lang='lat' dir='ltr'><strong>repugnare,</strong></span> <span class='ocrx_word' id='word_1_151' title='bbox 1437 2201 1676 2248; x_wconf 89' lang='lat' dir='ltr'><strong>subsister</strong></span> 
     </span>
    </p>

    <p class='ocr_par' dir='ltr' id='par_1_7' title="bbox 159 2313 1689 2484">
     <span class='ocr_line' id='line_1_20' title="bbox 159 2313 1689 2377; baseline -0.001 -16"><span class='ocrx_word' id='word_1_152' title='bbox 159 2324 188 2369; x_wconf 84' lang='lat'><strong>5</strong></span> <span class='ocrx_word' id='word_1_153' title='bbox 210 2332 304 2362; x_wconf 89' lang='lat' dir='ltr'><strong>nec</strong></span> <span class='ocrx_word' id='word_1_154' title='bbox 345 2319 532 2362; x_wconf 87' lang='lat' dir='ltr'><strong>instare</strong></span> <span class='ocrx_word' id='word_1_155' title='bbox 569 2315 800 2362; x_wconf 86' lang='lat' dir='ltr'><strong>fortunae</strong></span> <span class='ocrx_word' id='word_1_156' title='bbox 842 2315 1039 2362; x_wconf 89' lang='lat' dir='ltr'><strong>ferenti.</strong></span> <span class='ocrx_word' id='word_1_157' title='bbox 1133 2314 1390 2377; x_wconf 92' lang='lat' dir='ltr'><strong>Numquid</strong></span> <span class='ocrx_word' id='word_1_158' title='bbox 1425 2313 1689 2360; x_wconf 87' lang='lat' dir='ltr'><strong>offenderis</strong></span> 
     </span>
     <span class='ocr_line' id='line_1_21' title="bbox 209 2426 1680 2484; baseline -0.001 -10"><span class='ocrx_word' id='word_1_159' title='bbox 209 2432 247 2475; x_wconf 93' lang='lat' dir='ltr'><strong>si</strong></span> <span class='ocrx_word' id='word_1_160' title='bbox 290 2431 343 2474; x_wconf 93' lang='lat' dir='ltr'><strong>in</strong></span> <span class='ocrx_word' id='word_1_161' title='bbox 385 2427 645 2474; x_wconf 87' lang='lat' dir='ltr'><strong>consilium</strong></span> <span class='ocrx_word' id='word_1_162' title='bbox 687 2444 790 2473; x_wconf 92' lang='lat' dir='ltr'><strong>non</strong></span> <span class='ocrx_word' id='word_1_163' title='bbox 831 2432 976 2474; x_wconf 93' lang='lat' dir='ltr'><strong>venio</strong></span> <span class='ocrx_word' id='word_1_164' title='bbox 1018 2434 1234 2484; x_wconf 89' lang='lat' dir='ltr'><strong>tantum,</strong></span> <span class='ocrx_word' id='word_1_165' title='bbox 1277 2427 1366 2473; x_wconf 87' lang='lat' dir='ltr'><strong>sed</strong></span> <span class='ocrx_word' id='word_1_166' title='bbox 1407 2426 1610 2484; x_wconf 88' lang='lat' dir='ltr'><strong>advoco,</strong></span> <span class='ocrx_word' id='word_1_167' title='bbox 1652 2443 1680 2473; x_wconf 90' lang='lat' dir='ltr'><strong>e</strong></span> 
     </span>
    </p>
   </div>
   <div class='ocr_carea' id='block_1_2' title="bbox 210 2539 1672 2676">
    <p class='ocr_par' dir='ltr' id='par_1_8' title="bbox 210 2539 1672 2676">
     <span class='ocr_line' id='line_1_22' title="bbox 210 2539 1672 2603; baseline 0.001 -17"><span class='ocrx_word' id='word_1_168' title='bbox 210 2541 414 2603; x_wconf 86' lang='lat' dir='ltr'><strong>quidem</strong></span> <span class='ocrx_word' id='word_1_169' title='bbox 447 2541 799 2603; x_wconf 87' lang='lat' dir='ltr'><strong>prudentiores</strong></span> <span class='ocrx_word' id='word_1_170' title='bbox 836 2558 985 2603; x_wconf 86' lang='lat' dir='ltr'><strong>quam</strong></span> <span class='ocrx_word' id='word_1_171' title='bbox 1018 2544 1124 2603; x_wconf 89' lang='lat' dir='ltr'><strong>ipse</strong></span> <span class='ocrx_word' id='word_1_172' title='bbox 1157 2557 1284 2599; x_wconf 92' lang='lat' dir='ltr'><strong>sum,</strong></span> <span class='ocrx_word' id='word_1_173' title='bbox 1316 2539 1380 2586; x_wconf 88' lang='lat' dir='ltr'><strong>ad</strong></span> <span class='ocrx_word' id='word_1_174' title='bbox 1416 2556 1538 2602; x_wconf 89' lang='lat' dir='ltr'><strong>quos</strong></span> <span class='ocrx_word' id='word_1_175' title='bbox 1570 2540 1672 2587; x_wconf 85' lang='lat' dir='ltr'><strong>sole</strong></span> 
     </span>
     <span class='ocr_line' id='line_1_23' title="bbox 213 2633 306 2676; baseline 0.022 -2"><span class='ocrx_word' id='word_1_176' title='bbox 213 2633 306 2676; x_wconf 91' lang='grc'><strong>150</strong></span> 
     </span>
    </p>
   </div>
   <div class='ocr_carea' id='block_1_3' title="bbox 1674 1282 1742 2872">
    <p class='ocr_par' dir='ltr' id='par_1_9' title="bbox 1674 1282 1742 2872">
     <span class='ocr_line' id='line_1_24' title="bbox 1730 1282 1742 1405; baseline 0 0"><span class='ocrx_word' id='word_1_177' title='bbox 1730 1282 1742 1405; x_wconf 95' lang='lat' dir='ltr'><strong>   </strong></span> 
     </span>
     <span class='ocr_line' id='line_1_25' title="bbox 1710 1405 1742 1733; baseline 0 0"><span class='ocrx_word' id='word_1_178' title='bbox 1710 1405 1742 1733; x_wconf 95' lang='lat' dir='ltr'><strong>   </strong></span> 
     </span>
     <span class='ocr_line' id='line_1_26' title="bbox 1709 1733 1742 1959; baseline 0 -128"><span class='ocrx_word' id='word_1_179' title='bbox 1709 1733 1742 1959; x_wconf 95' lang='lat' dir='ltr'><strong>    </strong></span> 
     </span>
     <span class='ocr_line' id='line_1_27' title="bbox 1714 1959 1742 2065; baseline 0 0"><span class='ocrx_word' id='word_1_180' title='bbox 1714 1959 1742 2065; x_wconf 95' lang='lat' dir='ltr'><strong>  </strong></span> 
     </span>
     <span class='ocr_line' id='line_1_28' title="bbox 1678 2065 1742 2298; baseline 0 -129"><span class='ocrx_word' id='word_1_181' title='bbox 1678 2065 1742 2298; x_wconf 95' lang='lat' dir='ltr'><strong>   </strong></span> 
     </span>
     <span class='ocr_line' id='line_1_29' title="bbox 1674 2298 1742 2872; baseline 0 0"><span class='ocrx_word' id='word_1_182' title='bbox 1674 2298 1742 2872; x_wconf 95' lang='lat' dir='ltr'><strong>   </strong></span> 
     </span>
    </p>
   </div>
   <div class='ocr_carea' id='block_1_4' title="bbox 1726 1363 1731 1391">
    <p class='ocr_par' dir='ltr' id='par_1_10' title="bbox 1726 1363 1731 1391">
     <span class='ocr_line' id='line_1_30' title="bbox 1726 1363 1731 1391; baseline 0 0"><span class='ocrx_word' id='word_1_183' title='bbox 1726 1363 1731 1391; x_wconf 93' lang='grc' dir='ltr'>Ι</span> 
     </span>
    </p>
   </div>
  </div>
 </body>
</html>
