1742 2872
510 170 657 216 THE
693 168 1013 217 EPISTLES
1051 169 1141 216 OF
1177 168 1438 215 SENECA

231 283 384 326 etiam
442 279 566 325 duro
625 284 679 324 et
737 280 1038 339 perpessicio
1098 276 1461 323 confessionem
1519 279 1715 338 excipit*

157 363 179 368 “·
232 345 392 392 Pedes
417 345 609 402 dolent,
634 344 829 391 articuli
854 343 1236 406 punctiunculas
1266 346 1523 397 sentiunt3
1559 342 1722 389 adhuc

228 412 594 459 dissimulamus
623 418 677 458 et
703 417 791 457 aut
815 411 974 457 talum
999 413 1262 457 extorsisse
1288 410 1497 457 dicimus
1521 426 1610 455 nos
1634 416 1722 456 aut

227 483 279 525 in
300 483 658 526 exercitatione
674 478 840 540 aliqua
857 478 1118 524 laborasse.
1194 478 1360 524 Dubio
1376 483 1430 523 et
1449 480 1721 539 incipiente

229 547 400 592 morbo
423 549 679 608 quaeritur
703 561 904 602 nomen,
929 548 1013 607 qui
1039 546 1123 591 ubi
1149 549 1301 591 etiam
1326 543 1500 590 talaria
1515 544 1529 573 1
1557 547 1722 606 coepit

228 613 494 660 intendere
531 619 585 659 et
619 618 857 674 utrosque
895 611 1132 658 dextros2
1168 611 1323 674 pedes
1354 611 1492 667 fecit,
1518 626 1721 658 necesse

178 678 204 725 7
229 686 307 727 est
342 680 614 742 podagram
649 678 809 726 fateri.
883 678 1067 725 Contra
1109 681 1278 725 evenit
1319 682 1370 724 in
1412 677 1488 724 his
1523 678 1722 736 morbis,

228 747 408 810 quibus
442 746 743 792 adficiuntur
776 749 927 791 animi
947 761 958 801 ;
1007 762 1106 808 quo
1141 749 1251 808 quis
1286 748 1428 808 peius
1463 761 1516 791 se
1552 744 1723 803 habet,

229 817 391 860 minus
417 817 585 860 sentit.
663 813 774 859 Non
802 819 879 859 est
898 813 1031 875 quod
1050 816 1258 870 mireris,
1278 812 1437 859 Lucili
1458 815 1718 859 carissime.

232 881 360 926 Nam
385 884 470 943 qui
494 880 675 927 leviter
697 880 898 937 dormit,
919 886 971 926 et
996 883 1187 942 species
1203 879 1477 926 secundum
1497 880 1720 942 quietem

229 951 363 1010 capit
382 953 436 994 et
453 947 721 1010 aliquando
735 946 950 993 dormire
969 963 1022 994 se
1041 946 1292 993 dormiens
1309 950 1498 1009 cogitat
1515 962 1526 1001 3
1562 950 1722 1009 gravis

228 1030 373 1076 sopor
431 1017 583 1061 etiam
642 1017 832 1060 somnia
891 1017 1143 1076 extinguit
1201 1017 1521 1076 animumque
1574 1022 1722 1060 altius

177 1082 206 1128 8
227 1084 428 1143 mergit,
464 1097 613 1144 quam
649 1087 706 1127 ut
741 1084 793 1126 in
830 1081 931 1126 ullo
967 1081 1232 1128 intellectu
1269 1084 1343 1127 sui
1382 1081 1485 1128 sit.3
1555 1079 1722 1139 Quare

228 1151 347 1194 vitia
382 1164 469 1194 sua
502 1164 652 1194 nemo
685 1147 988 1194 confitetur?
1058 1147 1191 1206 Quia
1223 1151 1510 1195 etiamnunc
1544 1151 1594 1194 in
1627 1147 1723 1194 illis

228 1221 334 1271 est;
370 1218 618 1262 somnium
641 1231 838 1261 narrare
864 1214 1114 1278 vigilantis
1148 1222 1241 1270 est,
1267 1222 1320 1262 et
1353 1218 1472 1261 vitia
1495 1231 1582 1261 sua
1607 1231 1722 1261 con-

227 1281 354 1329 fiteri
379 1285 605 1328 sanitatis
630 1281 868 1328 indicium
894 1288 984 1328 est.

311 1349 728 1411 Expergiscamur
760 1365 896 1411 ergo,
920 1355 977 1395 ut
1010 1364 1199 1395 errores
1231 1355 1424 1396 nostros
1455 1365 1721 1412 coarguere

227 1419 481 1478 possimus.
558 1415 672 1462 Sola
696 1422 867 1462 autem
892 1432 981 1462 nos
1005 1414 1320 1478 philosophia
1345 1417 1600 1474 excitabit,
1619 1416 1724 1463 sola

226 1499 455 1529 somnum
504 1486 728 1529 excutiet
775 1499 990 1545 gravem.
1090 1482 1170 1529 Illi
1217 1489 1270 1530 te
1316 1489 1481 1530 totum
1528 1483 1717 1531 dedica.

229 1549 425 1611 Dignus
450 1550 532 1595 illa
550 1566 620 1607 es,
635 1550 722 1595 illa
740 1550 894 1611 digna
912 1557 965 1597 te
986 1556 1087 1606 est;
1111 1553 1182 1597 ite
1202 1553 1254 1596 in
1270 1550 1571 1613 conplexum
1595 1550 1723 1598 alter

225 1616 442 1663 alterius.
506 1616 754 1663 Omnibus
769 1617 877 1663 aliis
895 1617 1043 1664 rebus
1058 1623 1112 1664 te
1127 1633 1274 1680 nega,
1293 1616 1507 1676 fortiter,
1530 1624 1718 1680 aperte.

227 1683 340 1729 Non
367 1690 445 1729 est
469 1683 604 1746 quod
628 1687 849 1745 precario
874 1683 1249 1747 philosopheris.

176 1751 203 1797 9
310 1749 361 1796 Si
397 1767 549 1815 aeger
584 1766 734 1808 esses,
770 1767 938 1797 curam
973 1755 1323 1799 intermisisses
1360 1755 1430 1799 rei
1467 1752 1721 1799 familiaris

225 1823 279 1863 et
315 1816 530 1864 forensia
571 1818 664 1864 tibi
706 1821 910 1879 negotia
953 1819 1256 1865 excidissent
1290 1835 1384 1866 nec
1420 1835 1721 1883 quemquam

224 1887 354 1931 tanti
374 1890 593 1946 putares,
612 1888 691 1931 cui
711 1885 980 1932 advocatus
1000 1889 1051 1932 in
1066 1889 1356 1933 remissione
1372 1886 1718 1934 descenderes.

226 1950 354 1998 Toto
377 1955 544 1997 animo
568 1951 618 1998 id
644 1968 835 2013 ageres,
855 1959 914 1999 ut
937 1968 1086 2015 quam
1113 1956 1327 2015 primum
1347 1954 1519 2000 morbo
1543 1954 1721 2001 libera-

293 2046 306 2070 1
337 2047 467 2088 etiam
487 2047 652 2088 talaria
673 2047 858 2096 Hense;
887 2054 938 2090 ut
958 2050 1122 2090 talaria
1144 2049 1275 2092 MSS.

291 2100 310 2125 ‘²
337 2100 494 2142 Hense
528 2105 732 2154 suspects
771 2103 955 2150 dextros,
991 2103 1061 2144 for
1089 2103 1232 2144 which
1271 2103 1399 2157 Toup
1436 2102 1720 2158 conjectured

225 2154 444 2201 distortos,
466 2157 729 2209 comparing
747 2156 835 2210 Ep.
859 2156 976 2198 lxvii,
1002 2161 1039 2198 3.

293 2208 309 2233 ³
337 2213 386 2249 ut
406 2209 454 2249 in
467 2210 559 2250 ullo
573 2210 790 2251 intellectu
803 2211 873 2251 sui
887 2212 943 2252 sit
964 2210 1222 2259 Schultessz
1247 2217 1297 2253 ut
1318 2213 1365 2252 in
1379 2212 1468 2254 ullo
1483 2212 1723 2254 intellectus

223 2262 293 2302 sui
313 2268 373 2303 esc
393 2261 432 2303 L
422 2269 537 2357 Pgbut
562 2264 611 2304 in
630 2265 751 2305 nullo
770 2265 989 2306 intellectu
1006 2265 1076 2306 sui
1095 2271 1154 2307 est
1175 2265 1218 2307 V
1236 2283 1248 2314 ς
1275 2267 1342 2307 uti
1365 2266 1486 2307 nullo
1505 2266 1742 2349 intellectu¹

223 2329 291 2356 sm
311 2321 370 2356 est
389 2330 418 2369 p
492 2349 501 2358 .

1737 2370 1742 2390 st

288 2409 309 2428 ‘¹
337 2401 455 2441 That
466 2403 518 2448 is,
533 2401 640 2455 they
653 2415 728 2443 are
748 2415 798 2443 so
818 2403 997 2443 swollen
1017 2403 1118 2444 that
1136 2403 1218 2444 left
1235 2403 1325 2444 and
1339 2404 1458 2457 right
1472 2403 1575 2445 look
1586 2403 1716 2448 alike.
1736 2395 1742 2415 ³

290 2456 306 2481 ⁶
337 2455 547 2509 Literally
599 2463 700 2497 “on
748 2456 1041 2503 sufferance‚”
1081 2457 1315 2498 whenever
1361 2458 1490 2498 other
1535 2461 1720 2501 matters

223 2510 398 2562 permit.
458 2509 526 2550 Cf.
562 2509 706 2563 Pliny,
744 2510 781 2550 Ε
816 2543 825 2551 .
860 2512 930 2551 vii.
963 2513 1017 2551 30
1050 2512 1251 2564 precario
1282 2512 1718 2566 stadem—“subject

220 2566 268 2604 to
288 2564 581 2616 interruption
602 2563 715 2604 from
735 2567 783 2605 ot
817 2564 933 2606 ers.”

226 2625 323 2674 356
