1742 2872
428 132 574 179 THE
610 130 929 179 EPISTLES
966 129 1056 179 OF
1091 129 1357 179 SENECA

147 258 277 305 spes,
302 258 404 288 non
427 245 592 298 timor,
611 257 714 286 non
739 239 971 287 utilitatis
990 256 1108 286 suae
1127 256 1244 286 cura
1261 239 1472 297 divellit,
1491 239 1641 297 illius,
1738 244 1742 256 “

149 340 263 370 cum
310 339 410 386 qua
454 322 683 369 homines
730 325 1025 380 moriuntur,
1067 339 1156 384 pro
1203 337 1300 384 qua
1347 324 1638 366 moriuntur.
1680 325 1717 362 ’ἓ

82 406 127 452 ‘3
154 405 343 451 Multos
367 404 460 451 tibi
494 403 638 461 dabo,
663 407 750 467 qui
782 420 884 449 non
907 407 1082 461 amico,
1108 403 1197 449 sed
1228 406 1447 448 amicitia
1476 418 1644 448 carue-
1717 416 1719 426 ⁴

150 492 281 532 runt.
382 486 494 531 Hoc
541 502 642 531 non
689 491 858 547 potest
904 485 1146 543 accidere,
1197 501 1310 530 cum
1357 487 1547 529 animos
1593 486 1646 528 in

153 570 446 614 societatem
501 566 714 613 honesta
770 566 1005 628 cupiendi
1061 582 1149 628 par
1201 565 1428 611 voluntas
1475 563 1644 610 trahit.

153 648 472 706 Quidninon
498 649 687 710 possit?
759 647 937 694 Sciunt
961 651 1098 693 enim
1123 651 1254 709 ipsos
1272 649 1439 692 omnia
1464 644 1649 692 habere
1727 653 1732 712 ’,Ι

154 733 452 788 communia,
477 737 532 777 et
555 729 761 792 quidem
783 732 943 792 magis
966 728 1185 775 adversa.

240 812 514 874 Concipere
560 814 726 857 animo
772 827 874 856 non
920 815 1082 872 poteS,
1118 815 1362 872 quantum
1408 811 1653 855 momenti

104 892 134 939 4
155 893 352 941 adferre
378 892 499 939 mihi
526 892 747 955 singulos
776 891 884 938 dies
918 891 1124 938 videam.
1200 897 1231 918 “
1252 891 1451 949 Mitte,’'
1473 893 1654 953 inquiS,

157 980 190 1003 “
206 981 260 1022 et
283 975 427 1022 nobis
450 977 561 1032 ista,
587 972 715 1037 quae
740 980 844 1020 tam
870 974 1085 1020 efficacia
1112 980 1348 1036 expertus
1374 973 1472 1019 es.’'
1547 973 1656 1033 Ego
1699 1005 1702 1014 .

158 1074 277 1104 vero
301 1059 467 1102 omnia
489 1059 541 1101 in
566 1061 619 1101 te
644 1058 790 1117 cupio
811 1054 1178 1113 transfundere,
1197 1061 1251 1102 et
1274 1058 1327 1101 in
1350 1054 1444 1100 hoc
1468 1053 1656 1117 aliquid
1696 1068 1706 1120 j

159 1138 356 1202 gaudeo
379 1137 587 1195 discere,
612 1143 670 1183 ut
694 1136 915 1183 doceam.
990 1136 1097 1183 Nec
1116 1153 1197 1184 me
1215 1137 1318 1183 ulla
1340 1153 1419 1183 res
1437 1136 1657 1183 delecta·
1705 1126 1708 1131 ¹

161 1222 252 1278 bit,
299 1220 420 1266 licet
466 1222 531 1265 sit
578 1221 758 1266 eximia
806 1225 860 1265 et
917 1218 1160 1277 salutaris,
1207 1236 1356 1282 quam
1402 1218 1526 1264 mihi
1573 1221 1659 1264 uni

162 1306 375 1350 sciturus
399 1317 522 1349 sum.
597 1299 650 1346 Si
668 1295 782 1346 cum
801 1299 895 1346 hac
915 1304 1214 1362 exceptione
1233 1300 1384 1347 detur
1401 1303 1660 1362 sapientia,
1713 1347 1715 1350 Α

165 1390 222 1432 ut
268 1383 403 1430 illam
452 1381 696 1429 inclusam
736 1388 940 1428 teneam
987 1398 1082 1428 nec
1130 1385 1408 1439 enuntiem,
1442 1383 1657 1428 reiciam.
1711 1387 1717 1408 ⁵

168 1465 367 1513 Nullius
391 1465 510 1511 boni
535 1467 643 1511 sine
667 1467 799 1511 socio
823 1463 1041 1510 iucunda
1066 1467 1308 1526 possessio
1334 1470 1423 1510 est.

114 1548 144 1594 5
253 1548 458 1594 Mittam
504 1549 675 1609 itaque
723 1549 855 1607 ipsos
901 1546 995 1592 tibi
1043 1545 1193 1592 libros
1240 1551 1294 1592 et
1341 1562 1404 1592 ne
1447 1545 1661 1592 multum

167 1646 348 1693 operae
400 1627 662 1690 inpendas,
710 1627 830 1673 dum
890 1630 1071 1689 passim
1130 1626 1389 1690 profutura
1445 1631 1665 1686 sectaris,

167 1716 405 1775 inponam
441 1716 601 1766 notas,
639 1715 696 1755 ut
736 1709 801 1755 ad
835 1712 942 1772 ipsa
978 1712 1221 1770 protinuS,
1257 1725 1385 1772 quae
1422 1711 1576 1771 probo
1612 1716 1682 1767 et,

169 1797 334 1850 miror,
381 1791 601 1838 accedas.
695 1789 810 1836 Plus
857 1796 1029 1837 tamen
1077 1791 1169 1837 tibi
1217 1797 1270 1838 et
1316 1794 1426 1838 viva
1471 1808 1566 1838 vox
1613 1797 1667 1838 et
1739 1787 1742 1839 ἕ

171 1878 428 1922 convictus
452 1890 601 1936 quam
634 1876 792 1919 oratio
823 1872 1059 1935 proderit.
1135 1872 1196 1918 In
1218 1889 1325 1920 rem
1349 1880 1666 1936 praesentem
1739 1908 1742 1916 Δ

172 1959 341 2004 venias
374 1960 591 2018 oportet,
617 1957 848 2016 primum,
874 1957 990 2017 quia
1021 1953 1249 2001 homines
1277 1955 1490 2018 amplius
1513 1956 1668 2003 oculis

173 2054 323 2102 quam
360 2036 561 2087 auribus
602 2035 816 2082 credunt
833 2051 845 2092 ;
903 2034 1105 2093 deinde,
1141 2038 1258 2098 quia
1314 2035 1518 2098 longum
1573 2040 1670 2083 iter

176 2125 254 2167 est
299 2134 390 2180 per
434 2123 719 2180 praecepta,
760 2116 912 2163 breve
960 2122 1014 2163 et
1066 2116 1236 2162 efficax
1288 2132 1379 2179 per
1424 2118 1666 2180 exempla.

121 2209 152 2255 6
178 2200 431 2247 Zenonem
455 2198 728 2246 Cleanthes
758 2215 861 2245 non
893 2201 1233 2260 expressisset,
1257 2201 1298 2244 si
1323 2198 1672 2245 tantummodo

176 2282 426 2336 audisset3
492 2284 622 2328 vitae
682 2283 787 2327 eius
844 2279 1092 2337 interfuit,
1151 2285 1343 2326 secreta
1399 2284 1672 2342 perspexit,

245 2479 265 2497 ‘¹
293 2470 362 2513 Cf.
389 2470 664 2517 Herodotus,
686 2472 711 2512 i.
735 2475 760 2510 8
775 2474 857 2511 ὦτα
878 2472 1074 2521 τυγχάνει
1093 2472 1336 2523 ἀνθρώποισι
1363 2472 1479 2510 ἐόντα
1508 2473 1670 2511 ἀπιστό-

179 2542 274 2578 τερα
295 2528 528 2576 ὀφθαλμῶν.

182 2590 246 2640 26
