1742 2872
426 140 574 191 THE
609 126 931 184 EPISTLES
968 122 1059 171 OF
1095 112 1361 168 SENECA
1688 0 1735 103 Ἰ

216 260 356 317 Quot
392 271 454 303 ex
484 253 593 299 istis
622 246 851 293 dominos
878 235 1037 283 habet
1051 230 1098 276 ¹!
1171 226 1316 273 Stare
1344 226 1465 267 ante
1489 216 1643 262 limen
1684 169 1742 247 41

152 329 344 377 Callisti
367 323 628 371 dominum
652 326 797 360 suum
819 304 924 353 vidi
949 307 1002 349 et
1026 313 1160 354 eum,
1178 295 1265 357 qui
1287 289 1363 336 illi
1384 285 1649 348 inpegerat.
1710 331 1714 335 .

152 395 378 450 titulum,
403 391 490 453 qui
517 389 652 432 inter
679 374 866 426 reicula
880 372 899 402 2
921 368 1172 427 mancipia
1197 357 1519 423 produxerat,
1543 347 1652 394 aliis
1702 339 1716 374 ἕ·
1741 334 1742 338 ’

155 460 461 512 intrantibus
488 448 701 501 excludi.
777 438 996 489 Rettulit
1030 433 1102 480 illi
1138 429 1350 493 gratiam
1374 419 1547 468 servus
1566 414 1653 461 ille

164 730 425 784 vendidit3
461 722 551 771 sed
575 719 779 767 domino
802 724 953 775 quam
976 702 1137 752 multa
1161 690 1422 745 Callistus!

8 816 13 820 “
83 816 145 864 10
254 799 342 845 Vis
378 802 434 850 tu
467 792 688 853 cogitare
719 786 889 836 istum,
912 787 1065 838 quem
1095 779 1292 815 servum
1327 766 1472 807 tuum
1506 765 1669 807 vocaS,

171 889 234 920 ex
273 864 436 913 isdem
473 853 746 906 seminibus
770 852 935 894 ortum
971 837 1151 887 eodem
1188 831 1286 878 frui
1321 824 1476 880 caelo,
1510 833 1670 881 aeque

1036 903 1192 951 mori!
1251 903 1358 944 tam
1398 886 1672 954 tu,³,illum
1722 884 1725 890 '

180 1139 412 1188 militiam
435 1127 750 1190 auspicantes

184 1224 246 1256 ex
281 1203 378 1252 illis
413 1201 682 1262 pastorem,
717 1185 870 1232 alium
906 1174 1168 1226 custodem
1202 1181 1343 1215 casae
1378 1127 1532 1235 fecii&
1566 1170 1682 1202 con·
1724 1159 1733 1209 J,

185 1283 359 1323 temne
383 1279 519 1313 nunc
542 1263 649 1308 eius
666 1255 897 1302 fortunae
920 1245 1196 1295 hominem,
1213 1239 1267 1282 in
1284 1245 1435 1296 quam
1458 1224 1687 1277 transire,
1723 1230 1733 1270 *2

189 1343 312 1390 dum
335 1330 634 1383 contemnis,
658 1327 815 1386 potes.

107 1418 164 1465 11
275 1404 407 1454 ΝοΙο
430 1404 484 1446 in
516 1398 780 1457 ingentem
803 1400 886 1432 me
916 1381 1084 1427 locum
1114 1373 1374 1420 inmittere
1409 1367 1463 1410 et
1497 1358 1563 1406 de
1596 1370 1690 1402 usu
1721 1362 1732 1389 ¹

195 1485 449 1525 servorum
472 1465 745 1526 disputare,
762 1458 817 1501 in
834 1465 958 1515 quos
974 1438 1329 1507 superbissimi,
1346 1424 1693 1479 crudelissimi,
1724 1429 1731 1479 ᾗ

197 1529 685 1592 contumeliosissimi
744 1533 926 1569 sumus.
1024 1511 1169 1559 Haec
1218 1511 1391 1552 tamen
1438 1491 1695 1559 praecepti

739 1593 808 1637 sic
849 1599 965 1632 cum
997 1577 1233 1627 inferiore
1273 1572 1424 1623 vivas,
1459 1555 1697 1625 quemad-

191 1613 299 1659 ‘mei
340 1617 534 1654 summa
573 1601 679 1644 est:

758 1659 939 1703 riorem
970 1646 1093 1695 velis
1123 1645 1303 1690 vivere.
1348 1631 1624 1699 kQuotiens
1647 1639 1700 1669 m

281 1985 296 2010 ¹
325 1981 446 2024 habet
467 1975 651 2018 Haase3
680 1965 832 2009 habent
853 1957 984 2001 MSS.

281 2038 300 2063 ²
326 2032 491 2078 reicula
509 2027 746 2070 Muretusz
772 2013 962 2059 ridicula
981 2005 1113 2051 MSS.

282 2092 300 2118 ⁸
328 2096 420 2133 tam
438 2091 487 2128 tu
503 2082 584 2124 the
604 2076 787 2120 inferior
811 2066 943 2111 MSS.
968 2062 1060 2106 and
1082 2047 1602 2154 Mffgffligsfflsqssymtu
1626 2017 1725 2094 pb{

218 2155 309 2191 tam
327 2155 458 2200 quam
478 2143 527 2180 tw
545 2135 629 2187 Lg.

288 2240 309 2259 ‘²
335 2229 431 2271 The
450 2224 618 2265 master
636 2215 688 2257 of
703 2212 930 2255 Callistus,
951 2205 981 2246 b

223 2287 274 2331 of
290 2279 508 2335 Caligula,
529 2277 567 2316 is
586 2270 829 2314 unknown.

292 2341 309 2367 ⁶
335 2337 480 2378 There
516 2332 555 2371 is
594 2338 691 2368 som
1533 2292 1592 2352 ot·
1617 2300 1660 2350 r·

234 2393 450 2436 Variana,
472 2398 522 2427 as
553 2380 732 2433 Lipsius
759 2371 982 2425 suggests.

228 2450 299 2492 for
337 2445 515 2487 senator
553 2437 664 2478 suits
702 2430 781 2471 the
819 2423 1001 2476 Empire
1042 2417 1190 2457 better
1226 2409 1337 2450 than
1374 2403 1453 2444 the
1535 2393 1683 2450 epubh
1715 2415 1718 2417 Δ

239 2501 439 2593 Varigna
468 2489 617 2535 would
644 2485 761 2528 refer
788 2484 837 2523 to
866 2477 944 2519 the
972 2471 1126 2515 defeat
1153 2465 1204 2507 of
1229 2463 1378 2504 Varus
1405 2458 1451 2498 in
1481 2451 1710 2500 Germany

231 2570 325 2599 Am.
379 2585 388 2594 .

236 2618 333 2671 306
