1742 2872
458 140 603 187 THE
641 140 960 188 EPISTLES
998 141 1088 188 OF
1124 139 1390 188 SENECA

136 289 160 295 -,
178 251 308 298 bene
334 249 457 296 est.’'
531 249 711 296 Valere
735 256 907 296 autem
926 250 1021 296 hoc
1041 250 1246 297 demum
1266 256 1356 296 est.
1431 248 1551 295 Sine
1575 248 1672 294 hoc

176 340 329 386 aeger
352 330 430 370 est
453 327 660 370 animuS.
736 324 924 385 Corpus
959 340 1176 387 quoque,
1201 327 1355 370 etiam
1390 326 1429 369 si
1466 338 1671 384 magnas

178 397 334 445 habet
369 401 513 454 vires,
550 414 651 443 non
686 397 833 444 aliter
867 413 1018 460 quam
1052 397 1225 444 furiosi
1265 403 1354 444 aut
1389 396 1672 459 phrenetici

128 480 156 525 2
179 471 397 518 validum
423 476 512 518 est.
587 471 722 533 Ergo
746 470 876 516 hanc
901 475 1168 533 praecipue
1194 471 1522 518 valitudinem
1541 486 1673 527 cura,

179 545 366 592 deinde
392 551 446 591 et
470 544 607 590 illam
632 544 920 602 secundam,
944 561 1072 607 quae
1098 561 1199 590 non
1225 561 1407 607 magno
1438 545 1533 596 tibi
1558 560 1674 590 con-

180 620 350 675 stabit,
376 622 416 664 si
441 618 654 665 volueris
690 619 821 665 bene
857 618 1037 665 valere.
1112 618 1279 665 Stulta
1315 624 1394 665 est
1429 621 1582 675 enim,
1607 620 1675 663 mi

182 692 358 750 Lucili,
385 698 438 739 et
470 695 676 739 minime
701 696 1005 739 conveniens
1036 691 1262 739 litterato
1287 696 1390 738 viro
1415 695 1676 754 occupatio

180 766 450 814 exercendi
495 766 708 813 lacertos
755 772 809 813 et
844 765 1090 813 dilatandi
1137 770 1381 813 cervicem
1416 783 1473 812 ac
1519 766 1678 813 latera
1740 802 1742 807 .

181 840 440 896 firmandi3
499 856 614 886 cum
651 841 744 886 tibi
779 839 996 886 feliciter
1043 843 1216 902 sagina
1251 843 1457 887 cesserit
1492 845 1546 886 et
1582 842 1676 886 tori

183 917 449 972 creverint,
474 930 570 960 nec
595 917 723 960 vires
748 930 987 977 umquam
1011 917 1165 976 opimi
1198 914 1337 961 bovis
1362 930 1457 961 nec
1482 913 1677 976 pondus

181 989 431 1051 aequabis.
508 987 666 1034 Adice
691 1004 842 1045 nunc,
867 988 1002 1050 quod
1026 991 1212 1035 maiore
1237 991 1453 1050 corporis
1489 990 1679 1044 sarcina

180 1066 376 1108 animus
402 1061 608 1108 eliditur
632 1067 686 1108 et
710 1064 875 1107 minus
899 1061 1043 1124 agilis
1063 1067 1152 1108 est.
1229 1061 1407 1124 Itaque
1434 1067 1676 1124 quantum
1730 1119 1731 1122 Ἰ

184 1142 345 1199 potes,
372 1136 719 1182 circumscribe
740 1151 917 1197 corpus
941 1141 1086 1182 tuum
1106 1141 1160 1182 et
1177 1139 1344 1182 animo
1362 1135 1527 1182 locum
1552 1135 1675 1181 laxa.

131 1220 161 1267 3
189 1210 353 1257 Multa
399 1215 638 1256 secuntur
695 1208 1013 1255 incommoda
1070 1209 1186 1255 huic
1244 1208 1443 1256 deditos
1502 1224 1678 1265 curae;

184 1288 398 1347 primum
448 1286 852 1340 exercitationes,
889 1299 1098 1345 quarum
1144 1282 1284 1329 labor
1330 1285 1559 1345 spiritum
1595 1299 1678 1329 ex-

184 1357 351 1404 haurit
393 1364 446 1404 et
487 1356 762 1403 inhabilem
797 1360 1070 1403 intentioni
1105 1373 1162 1403 ac
1199 1356 1377 1403 studiis
1411 1356 1679 1403 acrioribus

183 1431 366 1479 reddit.
441 1430 642 1478 Deinde
679 1434 820 1493 copia
855 1430 1078 1477 ciborum
1114 1430 1366 1477 subtilitas
1407 1429 1675 1492 inpeditur.

184 1505 453 1553 Accedunt
499 1508 743 1567 pessimae
780 1510 930 1551 notae
965 1508 1214 1567 mancipia
1248 1508 1301 1551 in
1335 1507 1679 1572 magisterium
1722 1549 1723 1553 ,

183 1585 404 1642 recepta,
451 1578 680 1625 homines
727 1582 862 1625 inter
906 1578 1075 1625 oleum
1122 1584 1176 1625 et
1222 1581 1392 1625 vinum
1433 1581 1679 1640 occupati,
1723 1610 1730 1622 .-

184 1655 363 1718 quibus
387 1653 452 1700 ad
475 1659 649 1699 votum
667 1652 775 1699 dies
800 1659 941 1700 actus
961 1659 1055 1710 est,
1074 1656 1115 1699 si
1139 1653 1270 1699 bene
1291 1651 1680 1710 desudaverunt,

185 1732 225 1775 si
250 1731 302 1774 in
326 1727 493 1773 locum
518 1730 640 1785 eius,
665 1726 800 1790 quod
826 1726 1030 1784 effluxit,
1049 1726 1266 1773 multum
1292 1729 1508 1789 potionis
1532 1725 1681 1772 altius

184 1805 372 1849 ieiunio
392 1801 407 1831 1
444 1804 605 1847 iturae
642 1806 977 1863 reg-esserunt.
1053 1799 1234 1847 Bibere
1271 1806 1325 1847 et
1365 1799 1544 1847 sudare
1579 1803 1683 1846 vita

187 1875 399 1923 cardiaci
425 1880 517 1922 est.

133 1961 162 2006 4
270 1948 402 1996 Sunt
420 1952 805 1996 exercitationes
822 1954 875 1995 et
890 1947 1062 1995 faciles
1080 1954 1134 1996 et
1153 1948 1346 2006 breves,
1362 1965 1490 2012 quae
1507 1964 1683 2010 corpus

187 2030 241 2071 et
265 2026 373 2070 sine
398 2039 535 2069 mora
559 2022 750 2069 lassent
775 2028 828 2069 et
863 2025 1081 2084 tempori
1117 2028 1342 2084 parcant,
1367 2026 1507 2069 cuius
1543 2038 1683 2084 prae-

186 2101 333 2160 cipua
378 2100 505 2143 ratio
564 2095 798 2142 habenda
846 2102 952 2142 est:
1024 2112 1194 2143 cursus
1247 2102 1301 2142 et
1359 2112 1473 2143 cum
1519 2095 1685 2159 aliquo

343 2194 359 2220 ¹
388 2194 550 2235 ieiunio
571 2192 785 2247 Madvig;
813 2194 862 2234 in
880 2193 1024 2235 ieiuno
1044 2193 1172 2247 pr;
1201 2194 1249 2234 in
1267 2193 1429 2235 ieiunio
1449 2193 1519 2235 L¹.

252 2286 274 2306 ⁰
300 2279 390 2326 i.e.‚
420 2278 498 2319 the
527 2279 790 2331 prize-ring;
818 2277 896 2318 the
925 2280 1204 2319 contestants
1234 2291 1349 2318 were
1378 2277 1550 2318 rubbed
1579 2277 1685 2318 with

187 2333 246 2374 oil
266 2333 419 2374 before
438 2332 516 2373 the
536 2332 651 2385 fight
671 2332 829 2385 began.

257 2389 273 2412 ὁ
306 2386 545 2428 cardiacus
565 2389 732 2433 meant,
750 2385 990 2439 according
1009 2389 1056 2426 to
1074 2386 1218 2439 Pliny,
1236 2385 1293 2427 Ν.
1303 2385 1361 2427 Η.
1378 2387 1496 2426 xxiii.
1517 2390 1553 2427 1.
1571 2388 1637 2432 24,
1659 2400 1686 2427 a

189 2444 282 2482 sort
310 2441 362 2482 of
386 2441 629 2494 dyspepsia
647 2440 966 2493 accompanied
1004 2440 1066 2493 by
1098 2440 1222 2481 fever
1249 2439 1340 2480 and
1374 2441 1680 2493 perspiration.

190 2495 409 2548 Compare
421 2495 499 2535 the
514 2508 618 2535 man
634 2496 679 2534 in
695 2494 888 2535 Juvenal
903 2508 943 2535 v.
960 2496 1030 2542 32,
1050 2494 1148 2534 who
1163 2494 1249 2534 will
1263 2497 1342 2535 not
1357 2493 1470 2535 send
1484 2507 1512 2535 a
1527 2507 1684 2547 spoon-

190 2549 255 2590 ful
274 2550 326 2590 of
341 2551 456 2590 wine
475 2552 523 2590 to
542 2562 570 2590 a
590 2548 736 2590 friend
756 2548 802 2589 ill
821 2548 873 2589 of
886 2548 977 2589 this
997 2548 1254 2602 complaint.

191 2614 256 2670 96
