1742 2872
440 180 443 182 ’
495 169 642 217 THE
678 167 999 217 EPISTLES
1036 167 1126 240 ΟΕ
1162 166 1429 216 SENECA

160 308 184 313 »γ
213 277 379 336 audio,
404 278 664 325 delectet?
722 277 872 336 Quod
896 277 1023 324 nihil
1046 275 1372 339 audio,·quod
1395 275 1621 338 plerique
1647 291 1710 321 ex

215 350 309 409 his,
333 367 456 415 quos
479 355 752 414 interrogo,
776 355 1008 398 nesciunt
1033 350 1154 414 quid
1178 366 1308 412 agas.

164 428 192 474 2
303 424 417 471 Hoc
454 431 532 472 est
567 425 800 482 salutare,
836 442 939 471 non
981 427 1260 471 conversari
1296 422 1620 470 dissimilibus
1657 427 1711 468 et

216 497 411 545 diversa
459 499 793 560 cupientibus.
869 498 1051 544 Habeo
1099 497 1305 560 quidem
1340 497 1574 543 fiduciam
1608 512 1711 541 non

214 587 360 634 posse
384 578 439 618 te
463 571 754 635 detorqueri
777 587 1168 634 mansurumque
1189 575 1241 616 in
1267 573 1537 633 proposito,
1558 572 1711 615 etiam

215 647 256 692 si
292 644 673 692 sollicitantium
714 645 862 691 turba
909 648 1193 691 circumeat.
1268 643 1406 702 Quid
1443 659 1562 705 ergo
1598 644 1712 689 est?

217 718 332 764 Non
389 722 563 776 timeo,
609 735 675 765 ne
722 724 926 765 mutent
972 723 1043 775 te,
1091 721 1263 775 timeo,
1311 733 1376 763 ne
1430 715 1708 778 inpediant.

218 792 441 838 Multum
475 798 648 839 autem
684 798 836 838 nocet
872 795 1025 839 etiam
1062 795 1147 854 qui
1184 797 1421 848 moratur,
1447 793 1623 852 utique
1659 792 1713 835 in

215 871 358 912 tanta
404 865 652 912 brevitate
687 868 839 923 vitae,
875 881 1024 928 quam
1062 866 1341 912 breviorem
1377 866 1713 910 inconstantia

214 939 423 985 facimus
470 939 608 986 aliud
661 942 767 985 eius
815 938 1028 985 subinde
1081 944 1235 1001 atque
1282 938 1421 984 aliud
1467 937 1713 983 facientes

214 1015 430 1059 initium.
489 1012 786 1059 Diducimus
802 1012 940 1058 illam
956 1016 1007 1058 in
1029 1011 1297 1074 particulas
1315 1028 1372 1057 ac
1388 1011 1709 1057 lancinamus.

165 1085 193 1131 3
220 1086 433 1147 Propera
481 1102 618 1148 ergo,
658 1085 818 1132 Lucili
861 1089 1127 1142 carissime,
1166 1091 1219 1132 et
1266 1089 1433 1147 cogita
1468 1090 1713 1147 quantum

213 1158 477 1205 additurus
503 1159 750 1206 celeritati
776 1158 946 1216 fueris,
972 1162 1011 1204 si
1048 1176 1077 1204 a
1112 1164 1257 1221 tergo
1291 1158 1450 1205 hostis
1485 1161 1712 1212 instaret,

214 1236 255 1279 si
314 1235 539 1296 equitem
596 1231 869 1280 adventare
928 1235 1248 1294 suspicareris
1306 1247 1363 1277 ac
1410 1230 1713 1293 fugientium

214 1322 443 1369 premere
490 1309 715 1368 vestigia.
791 1306 872 1352 Fit
918 1305 1030 1363 hoc,
1078 1308 1349 1368 premeris3
1391 1304 1615 1351 accelera
1661 1308 1715 1349 et

215 1379 385 1439 evade,
414 1380 603 1442 perduc
622 1386 675 1426 te
700 1383 752 1425 in
771 1385 943 1426 tutum
962 1385 1016 1426 et
1034 1379 1249 1426 subinde
1269 1378 1544 1436 considera,
1564 1393 1712 1440 quam

214 1452 423 1516 pulchra
467 1469 546 1500 res
593 1456 658 1499 sit
704 1469 1048 1500 consummare
1094 1457 1249 1499 vitam
1304 1459 1424 1499 ante
1482 1456 1742 1508 mortem„

215 1527 400 1573 deinde
448 1533 716 1589 expectare
771 1542 1000 1574 securum
1047 1526 1289 1589 reliquam
1343 1528 1583 1588 temporis
1638 1516 1742 1570 sui*

215 1607 427 1663 partem,
445 1600 572 1647 nihil
596 1601 706 1658 sibi,
725 1603 778 1647 in
801 1604 1111 1663 possessione
1130 1601 1309 1647 beatae
1327 1603 1460 1647 vitae
1479 1601 1714 1661 positum,

165 1678 195 1723 4
214 1691 343 1737 quae
367 1675 561 1721 beatior
577 1691 679 1720 non
697 1673 770 1732 fit,
788 1677 829 1720 si
852 1674 1059 1737 longior.
1135 1673 1180 1719 O
1205 1673 1406 1736 quando
1429 1673 1553 1720 illud
1578 1670 1714 1718 vide-

214 1749 289 1794 bis
313 1754 530 1810 tempus,
549 1764 648 1810 quo
672 1751 796 1794 scies
813 1753 1015 1810 tempus
1037 1747 1101 1794 ad
1126 1753 1179 1794 te
1203 1764 1303 1793 non
1322 1750 1592 1810 pertinere,
1616 1760 1716 1807 quo

214 1821 511 1884 tranquillus
527 1821 851 1884 placidusque
867 1825 962 1868 eris
979 1827 1033 1868 et
1050 1824 1252 1867 crastini
1267 1821 1544 1883 neglegens
1560 1816 1643 1866 utl
1662 1823 1712 1866 in

215 1911 409 1941 summa
430 1898 507 1942 tui
530 1898 766 1942 satietate
785 1895 794 1940 !
1739 1903 1742 1905 ’

299 1967 385 2014 Vis
428 1971 569 2026 scire,
607 1968 728 2031 quid
770 1971 850 2025 sit,
889 1967 1024 2030 quod
1071 1967 1223 2014 faciat
1270 1967 1498 2014 homines
1544 1967 1714 2014 avidos

213 2041 408 2089 futuri?
498 2042 660 2088 Nemo
710 2042 802 2087 sibi
856 2044 1083 2103 contigit.
1176 2041 1495 2103 Optaverunt
1541 2044 1713 2104 itaque

699 2137 715 2163 ¹
742 2142 793 2178 ut
811 2136 962 2177 added
981 2136 1042 2190 by
1064 2135 1215 2179 Gertz.
1739 2150 1742 2188 1

1734 2227 1742 2263 l

281 2281 303 2301 α
329 2273 425 2314 The
456 2276 555 2314 text
587 2285 731 2314 seems
768 2276 817 2314 to
854 2273 912 2314 be
949 2276 1143 2326 corrupt.
1224 2273 1381 2314 Hense
1418 2273 1575 2315 thinks
1613 2256 1733 2316 thatss

215 2332 433 2422 exptgqtare
444 2328 509 2421 fis
547 2330 595 2368 to
634 2327 935 2422 belfff'uppllietd
955 2328 1081 2422 ῒῖινίῒὶι
1122 2327 1241 2422 nihi}
1270 2328 1436 2422 {gii—‘⁶
1452 2327 1516 2422 Tg)
1547 2331 1732 2423 -exfzectff

216 2394 451 2488 ffeaffliggs
464 2394 732 2475 oaoolrffisze
770 2394 916 2476 fiarslli.
997 2394 1515 2488 'Fhelssshgughtesggms
1544 2396 1608 2476 1ῗο
1644 2396 1713 2476 bg

218 2495 248 2513 “
262 2489 426 2542 asking
444 2488 514 2530 for
533 2502 591 2529 no
610 2488 758 2529 added
777 2502 907 2541 years
922 2488 973 2535 ”3
1002 2488 1093 2529 and
1111 2502 1198 2530 one
1220 2492 1424 2542 suspects
1450 2489 1529 2530 the
1553 2489 1643 2530 loss
1664 2490 1716 2530 of
1725 2508 1727 2530 s

216 2557 244 2584 a
262 2543 386 2583 word
405 2542 494 2583 like
513 2544 797 2597 adroqantem
817 2543 970 2583 before
988 2543 1114 2585 nihil.

218 2614 316 2656 230
