1742 2872
473 107 619 154 THE
657 107 977 155 EPISTLES
1016 107 1106 155 OF
1143 106 1408 155 SENECA

188 217 274 264 sed
314 217 557 280 specialia.
632 216 905 279 Tamquam
946 216 1094 262 homo
1142 232 1301 279 genus
1348 223 1437 263 est.
1514 216 1688 262 Habet
1725 204 1727 206 ³

94 335 117 339 -—
190 308 326 352 enim
367 308 419 350 in
461 321 514 351 se
556 307 815 350 nationum
864 308 1084 366 species:
1140 303 1373 362 Graecos,
1425 304 1687 361 Romanos,

194 393 411 439 Parthos.
502 392 762 439 Colorum:
822 393 976 450 albos,
1022 396 1206 455 nigros,
1254 391 1416 439 flavos.
1514 393 1690 438 Habet

190 481 441 542 singulos:
479 480 738 538 Catonem,
765 480 1074 538 Ciceronem,
1101 480 1404 527 Lucretium.
1479 480 1558 526 Ita
1592 496 1690 542 qua

190 568 350 615 multa
385 572 630 626 continet,
656 572 707 615 in
741 585 903 631 genus
939 568 1103 624 cadit3
1140 585 1239 631 qua
1266 570 1358 615 sub
1391 569 1486 615 alio
1519 575 1612 625 est,
1638 572 1690 615 in
1728 550 1729 553 Ἴ

191 660 423 719 speciem.
499 656 632 703 Illud
673 673 833 719 genus
872 656 1053 719 “quod
1090 662 1168 703 est
1186 655 1210 671 '’
1256 656 1509 718 generale,
1545 672 1699 718 supra,
1728 675 1729 718 ἦ

192 762 245 792 se
280 745 406 791 nihil
443 745 628 800 habet3
680 748 879 791 initium
917 761 1082 791 rerum
1119 751 1226 800 est;
1276 748 1443 790 omnia
1478 745 1570 791 sub
1605 744 1731 801 illo„

192 839 322 880 sunt.

111 925 170 971 13
275 920 428 967 Stoici
476 921 653 968 volunt
693 937 1031 983 superponere
1067 920 1184 967 huic
1227 923 1516 967 etiamnunc
1556 917 1693 966 aliud

194 1025 355 1071 genus
378 1012 536 1071 magis
562 1008 865 1071 principale;
901 1008 966 1055 de
991 1024 1091 1071 quo
1110 1011 1280 1055 statim
1299 1008 1478 1067 dicam,
1494 1011 1534 1055 si
1558 1011 1693 1070 prius

193 1096 319 1143 illud
343 1112 519 1159 genus,
545 1096 610 1142 de
635 1113 734 1159 quo
758 1096 955 1142 locutus
980 1112 1106 1153 sum,
1130 1100 1311 1143 merito
1337 1100 1549 1158 primum
1576 1098 1698 1158 poni'
1730 1070 1733 1098 Ι

113 1192 173 1238 14
193 1184 427 1243 docuero,
446 1201 561 1231 cum
579 1188 644 1231 sit
667 1200 834 1231 rerum
858 1187 1082 1231 omnium
1107 1201 1274 1247 capax.
1348 1190 1378 1211 “
1394 1184 1545 1243 Quod
1570 1190 1647 1231 est
1663 1183 1692 1201 '’

196 1277 247 1320 in
266 1273 354 1320 has
369 1277 560 1336 species
576 1273 761 1331 divido,
776 1279 835 1319 ut
850 1276 951 1320 sint
965 1273 1236 1336 corporalia
1250 1279 1339 1319 aut
1354 1271 1697 1335 incorporalia.¹

198 1361 338 1408 Nihil
376 1365 582 1409 tertium
625 1368 714 1409 est.
803 1362 990 1424 Corpus
1038 1361 1288 1424 quomodo
1334 1360 1539 1407 divido?
1623 1360 1694 1408 Ut
1732 1426 1734 1446 ι

195 1450 387 1498 dicam:
423 1457 512 1497 aut
535 1453 809 1497 animantia
833 1457 950 1497 sunt
974 1456 1062 1497 aut
1086 1453 1317 1497 inanima,
1393 1449 1576 1506 Rursus
1591 1452 1695 1495 ani·
1732 1454 1734 1492 ἰ

196 1543 386 1586 mantia
401 1538 824 1603 quemadmodum
849 1538 1053 1585 divido?
1126 1538 1198 1586 Ut
1221 1538 1413 1584 dicam:
1450 1537 1694 1601 quaedam
1732 1590 1733 1599 ἵ

198 1633 421 1676 animum
446 1628 654 1686 habent,
673 1627 920 1691 quaedam
946 1634 1146 1674 tantum
1170 1630 1398 1674 animam.
1475 1627 1581 1673 Aut
1604 1629 1696 1673 sic:
1731 1606 1734 1638 ἵ

199 1717 446 1782 quaedam
471 1720 700 1780 inpetum
727 1716 933 1774 habent,
958 1715 1218 1774 incedunt,
1241 1721 1522 1773 transeunt,
1546 1731 1697 1778 quae-

199 1806 316 1853 dam
339 1806 445 1854 solo
470 1805 631 1852 adfixa
657 1805 905 1852 radicibus
929 1805 1148 1863 aluntur,
1174 1804 1440 1851 crescunt.¹
1515 1803 1698 1851 Rursus

199 1894 432 1941 animalia
450 1898 499 1941 in
518 1910 639 1957 quas
658 1897 850 1956 species
869 1894 1019 1941 seco?
1091 1893 1195 1939 Aut
1220 1892 1446 1940 mortalia
1470 1899 1588 1940 sunt
1611 1899 1700 1939 aut

120 1995 179 2041 15
199 1983 494 2030 inmortalia.
574 1983 789 2029 Primum
808 1998 967 2045 genus
988 1981 1166 2028 Stoicis
1186 1981 1482 2044 quibusdam
1503 1980 1700 2028 videtur

199 2077 231 2100 “
247 2071 415 2135 quid.’'
491 2069 659 2127 Quare
682 2071 927 2127 videatur,
954 2070 1221 2116 subiciam:
1259 2075 1288 2096 “
1307 2069 1367 2116 In
1386 2069 1599 2127 rerum‚”
1626 2073 1700 2116 in-

202 2163 399 2223 quiunt,
433 2164 659 2205 “natura
695 2158 941 2221 quaedam
979 2163 1113 2214 sunt,
1148 2156 1394 2219 quaedam
1429 2174 1529 2203 non
1566 2165 1697 2205 sunt.

204 2250 271 2296 Et
307 2248 431 2295 haec
466 2253 654 2304 autem,
690 2263 818 2310 quae
854 2263 956 2293 non
997 2253 1130 2304 sunt,
1168 2262 1332 2292 rerum
1373 2252 1550 2292 natura
1585 2263 1701 2293 con·
1733 2238 1735 2282 3

206 2414 220 2465 (
273 2354 562 2462 ¹lt3ti¹1ecli331er
619 2355 763 2395 would
820 2354 909 2395 add
965 2355 1224 2401 decrescunt,
1293 2353 1448 2394 Hense
1504 2346 1736 2415 arescunti

228 2419 256 2435 ⁶⁶
273 2424 326 2451 wi
382 2423 429 2450 er
489 2442 497 2451 .
540 2435 542 2437 -

391 2503 412 2522 ‘⁸
439 2495 529 2542 i.e.‚
551 2494 629 2535 the
646 2508 781 2547 ,oenus
800 2494 980 2546 beyond
1002 2500 1032 2516 ‘⁶
1048 2494 1147 2534 that
1163 2493 1306 2534 which
1328 2493 1513 2534 exists.”

214 2566 311 2617 394

1622 2473 1698 2481 -ο

864 2690 890 2716 O,
