1742 2872
533 185 680 233 THE
716 186 1036 234 EPISTLES
1073 187 1163 234 OF
1199 186 1463 235 SENECA

256 296 513 343 honestius
539 293 703 356 Scipio
727 310 878 357 quam
902 294 1015 355 Bais
1046 293 1281 340 exulabat
1302 309 1313 349 ;
1349 297 1491 340 ruina
1515 298 1621 341 eius
1645 309 1742 345 non

255 370 333 410 est
374 369 478 409 tam
517 362 737 408 molliter
756 361 1110 411 ,conlocanda-
1162 359 1241 406 Hli
1276 377 1492 424 quoque,
1527 362 1591 408 ad
1626 365 1742 425 quos

255 433 438 492 primos
457 429 658 476 fortuna
675 429 847 491 populi
868 429 1076 474 Romani
1095 428 1316 490 publicas
1336 444 1455 490 opes
1475 424 1742 476 transtulit¹

256 497 308 543 C.
348 496 534 543 Marius
568 502 621 543 et
657 496 744 543 Cn.
784 495 1047 558 Pompeius
1083 501 1137 542 et
1169 494 1380 542 Caesar1
1419 502 1721 542 extruxerun

255 563 461 627 quidem
486 563 624 609 villas
649 567 701 609 in
726 566 929 632 regione
956 562 1155 619 Baiana,
1181 562 1268 608 sed
1289 562 1396 608 illas
1420 566 1724 626 inposuerun

256 634 459 677 summis
475 634 603 693 iugis
618 633 878 677 montium.
936 629 1214 676 Videbatur
1228 629 1322 676 hoc
1341 633 1499 693 magis
1517 630 1702 677 militar

257 714 319 744 ex
354 697 492 745 edito
527 697 772 760 speculari
806 697 908 743 late
944 697 1195 760 longeque
1237 697 1474 744 subiecta.
1547 697 1742 760 Aspice,

256 781 406 827 quam
446 766 747 827 positionem
785 764 1049 827 elegerint,
1085 763 1264 826 quibus
1298 763 1523 810 aedificia
1564 768 1742 811 excita-¹

257 835 420 878 verint
443 831 563 882 locis
583 837 636 878 et
655 831 849 894 qualia3
885 834 1009 877 scies
1028 847 1129 876 non
1151 830 1288 876 villas
1314 847 1439 888 esse,
1459 831 1548 878 sed
1573 837 1742 891 castra,

173 901 231 946 12
258 899 619 945 Habitaturum
676 905 734 945 tu
785 904 931 961 putas
989 914 1224 960 umquam
1278 897 1430 945 fuisse
1481 902 1534 944 in
1588 897 1742 947 mica!

257 966 517 1024 Catonem,
558 971 617 1012 ut
656 969 1072 1028 praenavigantes
1112 965 1363 1011 adulteras
1411 965 1742 1035 dinumeraret

256 1040 310 1080 et
345 1039 423 1080 tot
468 1049 656 1096 genera
696 1033 985 1079 cumbarum
1027 1035 1170 1078 variis
1224 1031 1468 1078 coloribus
1515 1036 1650 1095 picta
1697 1037 1742 1084 ei

256 1099 570 1147 fluvitantem
611 1105 720 1146 toto
762 1099 873 1146 lacu
897 1115 1075 1157 rosam,
1113 1105 1171 1146 ut
1215 1098 1413 1146 audiret
1460 1103 1742 1165 canentium

255 1173 500 1214 nocturna
524 1167 779 1214 convicia?
851 1166 1031 1213 Nonn'e
1063 1166 1148 1213 ille
1179 1182 1382 1213 manere
1411 1170 1543 1213 intra
1565 1167 1662 1213 vall

255 1235 529 1292 maluisset,
576 1234 710 1297 quod
756 1237 809 1280 in
856 1249 1007 1280 unam
1059 1239 1262 1280 noctem
1312 1250 1464 1280 manu
1510 1250 1598 1280 sua
1642 1238 1694 1297 ip

256 1301 516 1348 duxisset?
586 1300 776 1359 Quidni
811 1300 1001 1358 mallet,
1034 1303 1254 1363 quisquis
1290 1304 1364 1347 vir
1398 1307 1491 1358 est,
1520 1316 1662 1348 somn

256 1384 401 1415 suum
421 1368 626 1416 classico
651 1384 802 1431 quam
825 1367 1121 1430 symphonia
1144 1368 1342 1430 rumpi?

171 1447 231 1494 13
340 1435 442 1483 Sed
465 1439 583 1483 satis
608 1435 693 1482 diu
719 1451 834 1482 cum
853 1435 966 1481 Bais
990 1435 1310 1498 litigavimus,
1334 1451 1607 1498 numquam
1631 1451 1684 1482 sa

255 1519 371 1550 cum
394 1506 542 1561 vitiis,
562 1519 707 1566 quae,
732 1518 817 1549 oro
839 1508 912 1565 ⁴te,
933 1501 1110 1560 Lucili,
1128 1518 1428 1565 persequere
1453 1506 1560 1550 sine
1584 1519 1666 1549 mo
1715 1510 1719 1514 ’

254 1573 370 1617 sine·
385 1569 498 1617 fine.
573 1570 702 1616 Nam
725 1569 822 1616 illis
847 1585 1046 1633 quoque
1077 1585 1172 1616 nec
1203 1569 1313 1615 finis
1338 1575 1415 1616 est
1438 1585 1533 1617 nec
1556 1570 1673 1617 mod

257 1637 428 1684 Proice
465 1653 810 1700 quaecumque
847 1653 930 1683 cor
964 1643 1110 1683 tuum
1144 1636 1352 1694 laniant,
1375 1653 1504 1700 quae
1536 1640 1578 1683 si
1604 1632 1732 1686 alitel

256 1703 451 1751 extrahi
486 1707 771 1767 nequirent,
808 1720 892 1751 cor
925 1699 1088 1766 ipsum
1124 1720 1238 1750 cum
1273 1704 1369 1750 illis
1404 1704 1729 1752 revellendun

255 1778 374 1818 erat.
449 1771 746 1834 Voluptates
783 1775 1048 1834 praecipue
1085 1771 1295 1818 exturba
1337 1777 1390 1818 et
1430 1775 1725 1819 invisissima

256 1838 385 1885 habe
404 1855 416 1895 ;
451 1838 702 1885 latronum
721 1854 875 1896 more,
890 1854 1013 1901 quos
1031 1836 1243 1899 φιλητάς
1256 1838 1276 1868 ⁸
1295 1839 1536 1902 Aegyptii
1554 1842 1724 1954 vocan'

253 1909 306 1952 in
330 1905 426 1969 hoc
450 1921 541 1952 nos
565 1905 956 1968 amplectuntur,
981 1911 1039 1952 ut
1063 1905 1392 1969 strangulent.
1466 1905 1615 1952 VALE.

322 1991 336 2018 ¹
368 1991 529 2033 Before
551 1991 710 2033 Caesar
729 1990 879 2039 Gertz,
902 1991 1110 2033 followed
1130 1991 1159 2032 b
1214 1991 1386 2038 Hense,
1408 1991 1520 2033 adds
1544 1991 1589 2034 Ο.

320 2045 338 2071 ²
365 2046 414 2087 in
431 2046 545 2087 mica
561 2045 763 2099 Lipsius:
792 2045 970 2098 inimica
985 2045 1074 2087 LP.
1174 2045 1437 2093 riedliinder⁹
1453 2047 1717 2100 interpreting

253 2100 367 2141 mica
393 2112 443 2141 as
471 2114 500 2140 a
528 2103 620 2141 sort
648 2100 700 2141 of
724 2101 890 2146 casino,
912 2113 962 2140 or
990 2100 1126 2153 fancy
1154 2099 1433 2152 dining-hall,
1454 2113 1610 2153 agrees
1639 2095 1715 2145 wit

253 2154 331 2195 the
350 2154 535 2207 reading
554 2154 605 2195 of
622 2153 800 2207 Lipsius
820 2153 909 2194 and
930 2166 1160 2207 compares
1182 2153 1376 2201 Martial,
1398 2155 1440 2195 ii.
1465 2157 1530 2195 59.
1558 2157 1593 2196 1.

320 2207 337 2234 ⁸
366 2210 536 2259 φιλητάς
553 2207 786 2256 Muretus;
811 2208 1046 2250 hostilistas
1066 2207 1133 2256 L;
1161 2208 1341 2249 stilistas
1361 2207 1425 2255 P;
1448 2206 1713 2261 pstillistas}

318 2323 340 2343 ⁸
367 2313 453 2356 See
472 2314 628 2355 Letter
647 2313 807 2355 lxxxvi.

320 2370 337 2396 ὃ
365 2368 460 2409 The
489 2368 740 2422 Egyptians
769 2367 881 2408 used
908 2366 988 2408 the
1007 2369 1130 2408 word
1149 2370 1331 2418 φηλητής
1359 2369 1404 2408 in
1433 2368 1510 2409 the
1539 2381 1670 2410 sense
1694 2382 1709 2421 q

256 2422 449 2464 “knave
463 2422 487 2439 ''
507 2436 557 2463 or
578 2428 608 2445 ‘⁶
623 2420 874 2474 foot-pad.''
929 2421 1025 2462 The
1052 2422 1175 2462 word
1200 2424 1237 2462 is
1257 2422 1398 2462 found
1417 2423 1461 2462 in
1481 2422 1560 2463 the
1584 2423 1708 2496 Hecqf

255 2477 308 2518 of
340 2475 649 2518 Callimachus.
727 2474 984 2528 Hesychius
1019 2474 1188 2516 defines
1219 2477 1254 2516 it
1291 2488 1341 2516 as
1379 2476 1509 2529 equal
1539 2480 1587 2518 to
1625 2480 1707 2522 κλια

257 2530 459 2572 “thief.”
516 2530 560 2571 It
586 2543 677 2570 was
706 2528 993 2582 pronounced
1021 2531 1066 2570 in
1100 2529 1178 2570 the
1212 2542 1334 2570 same
1364 2543 1464 2583 way
1492 2543 1541 2571 as
1573 2535 1705 2583 ‹pamm-<J

256 2590 286 2609 ‘⁶
300 2583 467 2632 lover,”
484 2583 574 2625 and
593 2585 638 2624 in
659 2583 747 2625 late
767 2582 919 2625 Greek
941 2595 1029 2623 was
1050 2583 1166 2636 spelt
1184 2585 1229 2624 in
1249 2583 1326 2624 the
1345 2597 1467 2624 same
1487 2597 1596 2638 way.
1701 2574 1703 2595 ¹

256 2655 352 2696 342

1675 2598 1703 2662 ‘z'

1697 2681 1701 2752 5

1695 2763 1729 2792 Λ,
