1742 2872
463 157 609 205 THE
646 158 967 207 EPISTLES
1005 159 1095 207 OF
1131 160 1397 207 SENECA

155 270 289 329 „ipsa
323 270 594 315 iactatione
629 269 993 316 incommodius
1029 269 1102 327 fit,
1134 273 1264 317 sicut
1296 273 1348 316 in
1381 274 1495 317 navi
1526 255 1678 317 onera

181 352 373 395 inmota
408 352 572 396 minus
613 357 814 412 urgent,
856 350 1188 413 inaequaliter
1228 351 1494 399 convoluta
1534 356 1679 400 citius

183 446 293 477 eam
364 438 577 493 partem,
647 437 701 478 in
772 449 921 495 quam
991 433 1281 490 incubuere,
1359 433 1676 496 demergunt.

184 510 438 575 Quicquid
473 512 610 570 facis,
663 520 838 560 contra
872 520 926 560 te
963 513 1083 560 facis
1121 520 1174 560 et
1210 520 1349 560 motu
1387 518 1495 577 ipso
1529 531 1679 563 noces

183 594 305 651 tibi3
340 610 548 656 aegrum
574 599 708 641 enim
735 599 974 643 concutis.

131 676 162 722 4
266 675 339 723 At
385 693 500 722 cum
546 676 682 723 istud
731 681 974 723 exemeris
1020 678 1223 736 malum,
1266 682 1427 725 omnis
1467 682 1680 726 mutatio

181 757 278 804 loci
302 758 521 804 iucunda
543 758 662 814 fiet3
698 762 751 804 in
777 759 976 806 ultimas
1003 759 1268 822 expellaris
1299 765 1457 805 terras
1488 759 1678 817 licebit,

181 842 234 886 in
275 840 503 903 quolibet
550 841 805 887 barbariae
851 840 1037 903 angulo
1084 840 1374 898 conloceris,
1422 839 1681 902 hospitalis

179 922 274 968 tibi
298 921 384 968 illa
407 922 785 986 qualiscumque
810 921 955 969 sedes
981 925 1088 968 erit.
1165 922 1328 984 Magis
1352 924 1461 984 quis
1488 924 1682 967 veneris

181 1019 331 1066 quam
390 1020 505 1066 quo,
554 1007 784 1062 interest,
831 1010 885 1051 et
931 1003 1047 1050 ideo
1102 1003 1229 1050 nulli
1283 1003 1392 1049 loco
1447 1003 1682 1050 addicere

182 1084 426 1131 debemus
457 1089 694 1132 animum.
769 1086 894 1132 Cum
927 1085 1020 1131 hac
1056 1088 1376 1148 persuasione
1411 1084 1681 1132 vivendum

182 1172 289 1213 est:
326 1167 492 1213 “Non
522 1182 632 1214 sum
665 1171 752 1213 uni
788 1166 973 1229 angulo
1008 1172 1173 1225 natus,
1207 1170 1367 1229 patria
1401 1183 1513 1213 mea
1544 1173 1682 1214 totus

129 1250 159 1296 5
182 1245 264 1293 hic
287 1247 505 1294 mundus
530 1248 654 1295 est.'’
728 1247 880 1306 Quod
904 1252 944 1295 si
968 1247 1186 1312 liqueret
1209 1249 1320 1306 tibi,
1345 1265 1447 1295 non
1470 1248 1682 1295 admira-

179 1332 301 1375 reris
336 1329 408 1375 nil
443 1329 666 1377 adiuvari
700 1335 754 1377 te
789 1333 1052 1393 regionum
1093 1331 1432 1388 varietatibus,
1466 1333 1519 1376 in
1560 1344 1683 1393 quas

182 1411 394 1458 subinde
419 1414 640 1475 priorum
658 1411 827 1459 taedio
846 1415 1042 1475 migras.
1118 1412 1280 1458 Prima
1299 1415 1431 1458 enim
1453 1427 1680 1474 quaeque

182 1492 468 1555 placuisset,
516 1497 557 1541 si
597 1509 798 1541 omnem
846 1500 986 1541 tuam
1034 1493 1276 1541 crederes.
1352 1493 1499 1539 Nunc
1546 1492 1679 1538 non1
1718 1491 1720 1493 ’

182 1579 532 1639 peregrinaris,
572 1576 663 1623 sed
705 1592 838 1623 erras
880 1582 934 1623 et
974 1579 1137 1639 ageris
1179 1593 1237 1623 ac
1271 1575 1439 1622 locum
1475 1591 1538 1621 ex
1571 1574 1680 1620 loco

183 1663 362 1715 mutaS,
399 1674 514 1705 cum
549 1657 692 1716 illud,
728 1657 863 1722 quod
898 1660 1111 1721 quaeris,
1152 1658 1285 1705 bene
1326 1659 1510 1713 vivere,
1546 1658 1681 1701 omni
1721 1679 1729 1723 3

131 1745 159 1792 6
182 1739 291 1786 loco
339 1744 558 1802 positum
606 1743 683 1787 sit.
761 1740 895 1786 Num
942 1739 1064 1802 quid
1121 1745 1223 1786 tam
1271 1737 1530 1785 turbidum
1576 1736 1680 1782 fieri
1722 1738 1724 1743 '

181 1827 352 1884 potest
376 1839 527 1886 quam
551 1821 751 1868 forum?
822 1820 900 1876 Ibi
925 1837 1124 1884 quoque
1150 1820 1274 1867 licet
1296 1823 1470 1883 quiete
1496 1821 1680 1875 vivere,

181 1906 222 1950 si
269 1919 477 1951 necesse
524 1907 603 1951 sit.
699 1902 800 1950 Sed
848 1907 888 1949 si
935 1902 1086 1950 liceat
1131 1902 1398 1965 disponere
1446 1917 1515 1957 se,
1563 1915 1679 1946 con-

181 1992 413 2048 spectum
459 2002 660 2049 quoque
707 1991 761 2032 et
816 1988 1048 2032 viciniam
1099 1983 1192 2030 fori
1247 1983 1419 2047 procul
1473 1982 1676 2044 fugiam.
1740 1983 1742 1993 ²

183 2067 314 2114 Nam
354 2074 413 2114 ut
447 2067 555 2115 loca
590 2070 759 2130 gravia
794 2070 947 2114 etiam
989 2066 1316 2113 firmissimam
1351 2062 1692 2130 valitudinem!

183 2155 458 2212 temptant,
498 2153 570 2196 ita
610 2150 772 2196 bonae
814 2164 1014 2211 quoque
1057 2151 1216 2194 menti
1258 2146 1476 2193 necdum
1515 2143 1679 2190 adhuc

182 2230 439 2295 perfectae
464 2237 518 2278 et
542 2230 913 2277 convalescenti
932 2236 1051 2276 sunt
1068 2229 1234 2292 aliqua
1257 2221 1431 2290 parum
1451 2225 1676 2273 salubria.
1741 2247 1742 2252 =

251 2328 265 2353 ¹
294 2343 412 2369 ‘nuno
429 2342 519 2369 που
538 2326 934 2381 Schweighauser3
963 2341 1080 2368 nuno
1098 2326 1170 2380 pL
1187 2343 1198 2374 ς
1226 2339 1315 2366 non
1335 2324 1464 2366 other
1484 2322 1612 2365 MSS.

251 2422 272 2441 α
298 2415 366 2455 i.e.
376 2443 386 2459 ‚
402 2413 492 2454 had
506 2426 597 2467 you
609 2413 723 2454 been
736 2413 836 2453 able
848 2416 896 2453 to
909 2425 991 2474 say
1000 2412 1156 2466 patria
1167 2425 1262 2452 mea
1277 2416 1390 2452 totus
1404 2410 1594 2451 mundus
1604 2414 1676 2451 est.
1688 2435 1696 2457 ⁸·

251 2469 268 2495 ὸ
301 2468 367 2522 Os.
394 2467 587 2514 Horace,
610 2467 697 2521 Ep.
722 2469 748 2509 i.
778 2470 839 2509 11.
864 2469 970 2507 28-

1108 2519 1263 2552 navibus
1277 2520 1388 2559 atque

416 2564 606 2605 Quadrigis
622 2564 781 2605 petimus
797 2562 888 2595 bene
904 2563 1024 2595 vivere
1038 2570 1047 2601 ;
1069 2561 1165 2603 quod
1181 2562 1289 2603 petis,
1306 2562 1366 2593 hic
1382 2561 1451 2594 est.

189 2623 287 2666 200
