1742 2872
474 140 622 187 THE
658 139 978 188 EPISTLES
1016 140 1106 187 OF
1142 139 1408 187 SENECA

140 299 163 303 -‚
194 253 427 298 iumentis
443 252 709 297 abutimur.
784 250 1014 297 Cum1·ad
1032 249 1316 296 cenandum
1334 249 1699 306 discubuimus}
1725 233 1742 265 ε

193 328 318 375 alius
361 335 508 391 sputa
560 329 799 392 detergit,
841 328 966 374 alius
1013 327 1245 390 reliquias
1286 320 1706 374 temulentorum*

144 400 172 447 6
195 413 303 453 toro
319 406 338 436 2
362 407 591 454 subditus
621 407 827 470 colligit.
857 399 882 466 ζ
903 406 1044 452 Alius
1070 409 1310 468 pretiosas
1334 421 1450 452 aves
1475 404 1658 451 scindit
1679 420 1691 460 3

194 501 285 547 per
330 490 507 547 pectus
550 490 604 531 et
644 485 818 550 clunes
860 487 1008 531 certis
1056 483 1290 530 ductibus
1338 482 1691 529 circumferens

194 562 443 610 eruditam
489 579 694 609 manum
741 561 900 608 frusta
946 565 1158 619 excutit,
1204 560 1397 619 infelix,
1443 563 1530 624 qui
1574 560 1692 606 huic

195 643 282 688 uni
328 643 401 687 rei
447 644 585 699 vivit,
627 646 685 687 ut
731 639 890 687 altilia
929 638 1174 686 decenter
1220 645 1376 697 secet,
1416 641 1511 685 nisi
1557 637 1692 701 quod

194 721 418 764 miserior
459 724 552 776 est,
588 720 674 780 qui
716 717 810 763 hoc
851 716 1122 779 voluptatis
1164 733 1311 763 causa
1351 715 1503 762 docet
1542 731 1693 778 quam

144 809 171 858 7
194 799 280 859 qui
339 799 653 843 necessitatis
718 783 928 869 discits]
988 794 1132 841 Alius
1196 797 1298 840 vini
1354 796 1584 841 minister
1639 796 1692 839 in

0 886 4 893 ⁸
43 862 100 917 »ι-ζ)
194 873 492 921 muliebrem
516 872 722 920 modum
747 878 950 919 ornatus
975 888 1089 919 cum
1113 878 1283 919 aetate
1306 871 1556 928 luctatur-3
1591 887 1692 917 non

194 958 364 1014 potest
388 951 608 1014 effugere
644 954 927 1014 pueritiam,
952 950 1238 1008 retrahitur,
1263 953 1462 1013 iamque
1491 949 1692 1000 militari

195 1030 371 1077 habitu
418 1025 594 1092 glaber
627 1032 816 1076 retritis
852 1028 965 1092 pilis
999 1034 1088 1075 aut
1124 1031 1327 1091 penitus
1345 1017 1545 1093 &evulsis
1585 1022 1694 1074 t'ota

195 1114 346 1155 nocte
382 1100 665 1171 pervigilat,
701 1123 852 1171 quam
892 1110 1027 1154 inter
1067 1107 1368 1154 ebrietatem
1410 1106 1599 1154 domini
1635 1123 1693 1153 ac

196 1185 459 1234 libidinem
492 1186 672 1233 dividit
697 1191 750 1232 et
785 1189 837 1231 in
863 1185 1092 1232 cubiculo
1117 1188 1206 1243 vir,
1231 1187 1284 1231 in
1309 1187 1534 1231 convivio
1569 1201 1695 1248 puer

144 1270 174 1316 8
196 1263 328 1330 θεῖ),
364 1264 522 1322 Alius,
565 1267 646 1311 cui
695 1267 1011 1310 convivarum
1059 1279 1268 1311 censura
1314 1266 1553 1326 permissa
1599 1269 1693 1321 est,

195 1331 388 1405 perstat
428 1341 603 1388 infelix
651 1347 705 1388 et
763 1347 1041 1404 exspectat,
1088 1357 1212 1404 quos
1251 1341 1473 1388 adulatio
1519 1346 1573 1388 et
1618 1344 1693 1387 in-

197 1423 534 1483 temperantia
597 1425 686 1466 aut
749 1419 898 1482 gulae
956 1426 1045 1466 aut
1108 1419 1312 1482 linguae
1375 1425 1579 1466 revocet
1640 1422 1693 1465 in

196 1502 480 1546 crastinum.
585 1497 746 1544 Adice
810 1498 1149 1555 obsonatores,
1214 1497 1394 1560 quibus
1457 1496 1693 1544 dominici

196 1576 351 1640 palati
382 1579 563 1623 notitia
592 1575 788 1622 subtilis
825 1581 920 1633 est,
944 1579 1029 1638 qui
1066 1578 1247 1633 sciunt,
1271 1578 1410 1622 cuius
1445 1575 1588 1623 illum
1622 1579 1694 1623 rei

196 1670 341 1717 sapor
365 1657 572 1712 excitet,
597 1657 737 1700 cuius
773 1652 1000 1700 delectet
1032 1659 1282 1716 aspectus,
1306 1656 1445 1699 cuius
1469 1656 1693 1700 novitate
1741 1663 1742 1708 ᾗ

195 1731 581 1779 nauseabundus
623 1734 747 1793 erigi
795 1733 967 1792 possit,
1009 1730 1132 1794 quid
1172 1733 1271 1777 iam
1311 1734 1419 1794 ipsa
1459 1733 1693 1778 satietate

195 1810 438 1868 fastidiat,
462 1810 583 1874 quid
612 1809 700 1886 illo
736 1809 819 1856 die
845 1812 1044 1856 esuriat.
1119 1808 1243 1857 Cum
1277 1791 1355 1855 hi's
1387 1824 1568 1856 cenare
1592 1820 1726 1975 non}

33 1258 67 1282 *x

1730 1897 1734 1906 ι

196 1892 412 1936 sustinet
447 1894 501 1935 et
536 1890 813 1935 maiestatis
855 1901 972 1933 suae
1010 1884 1412 1933 deminutionem
1445 1883 1596 1949 'putat
1629 1886 1693 1933 ad

195 1966 409 2015 eandem
427 1982 651 2013 mensam
671 1981 785 2012 cum
804 1980 945 2011 servo
965 1980 1054 2011 suo
1071 1964 1324 2012 accedere.
1400 1963 1467 2010 Di
1484 1963 1663 2012 melius
1682 1964 1691 2010 Ξ
1712 1975 1715 1982 ’

279 2085 295 2112 ¹
326 2085 487 2126 Before
507 2098 604 2125 cum
624 2083 754 2126 MSS.
779 2086 882 2137 give
901 2085 1016 2139 quod
1033 2100 1044 2132 ς
1075 2082 1321 2125 Buecheler
1339 2083 1549 2124 removed
1568 2085 1616 2126 it.

490 2137 508 2163 ²
537 2144 631 2180 toro
651 2151 742 2180 was
762 2139 962 2180 inserted
982 2138 1043 2192 by
1062 2136 1117 2181 O.
1144 2137 1392 2179 Rossbach.

262 2274 282 2292 α
314 2265 479 2312 calabri,
511 2264 698 2311 delicati,
730 2278 780 2305 or
808 2264 958 2306 eaeoleti
986 2276 1101 2305 were
1134 2263 1356 2304 favourite
1388 2262 1549 2311 slaves,
1580 2263 1694 2317 kept

196 2319 448 2372 artificially
467 2318 677 2372 youthful
697 2318 758 2372 by
779 2318 980 2359 Romans
1000 2318 1052 2359 of
1075 2317 1154 2358 the
1173 2331 1296 2358 more
1315 2317 1532 2359 dissolute
1557 2318 1686 2360 class.

201 2374 268 2428 C'f.
293 2373 511 2419 Catullus,
533 2373 604 2413 lxi.
634 2375 726 2420 142,
752 2373 843 2414 and
867 2372 1054 2419 Seneca,
1076 2371 1141 2413 De
1159 2371 1378 2413 Brevitate
1410 2371 1546 2419 Vitae,
1573 2375 1634 2414 12.
1666 2375 1691 2414 5
1740 2420 1742 2424 ¹

198 2431 244 2478 (a
262 2441 452 2481 passage
473 2427 638 2480 closely
654 2427 926 2480 resembling
939 2426 1018 2468 the
1033 2426 1303 2480 description
1319 2427 1450 2479 given
1467 2426 1609 2467 above
1629 2427 1690 2479 by
1741 2439 1742 2448 ¹

197 2482 404 2532 Seneca),
422 2481 569 2522 where
589 2481 667 2522 the
686 2484 854 2522 master
872 2481 1020 2534 prides
1051 2480 1234 2522 himself
1258 2492 1377 2533 upon
1407 2480 1486 2521 the
1512 2480 1690 2534 elegant

196 2549 476 2589 appearance
496 2535 586 2576 and
605 2535 805 2588 graceful
824 2539 1029 2588 gestures
1050 2535 1101 2576 of
1116 2535 1244 2576 these
1264 2534 1520 2576 favourites.

198 2608 295 2650 304
