1742 2872
508 154 655 201 THE
691 155 1012 204 EPISTLES
1049 156 1139 203 OF
1175 157 1440 205 SENECA

164 308 189 313 ,μ
223 266 432 325 agimUS,
458 263 593 310 diem
612 281 726 311 cum
750 272 912 312 morte
932 265 1211 313 dividimus.
1285 266 1720 325 Quemadmodum

226 341 541 404 clepsydram
571 359 675 388 non
700 349 981 390 extremum
1011 344 1321 391 stillicidium
1354 344 1600 402 exhaurit,
1633 345 1722 391 sed

227 419 465 482 quicquid
511 426 631 466 ante
679 419 904 478 defluxit,
952 424 1021 468 sic
1069 421 1247 467 ultima
1292 421 1428 479 hora,
1477 438 1574 485 qua
1614 438 1723 469 esse

226 495 518 554 desinimus,
565 514 669 544 non
723 498 827 544 sola
872 505 1087 545 mortem
1133 498 1270 556 facit,
1322 499 1410 546 sed
1458 499 1562 546 sola
1607 516 1724 546 con-

227 581 474 631 summat;
515 580 633 621 tunc
657 575 731 621 ad·
746 575 884 622 illam
903 580 1237 638 pervenimus,
1257 576 1346 623 sed
1371 576 1456 623 diu
1483 580 1720 624 venimuS.

141 650 199 696 21
230 650 375 698 Haec
399 669 514 698 cum
538 652 880 715 descripsisses
906 670 1004 716 quo
1029 653 1158 700 soles
1184 671 1285 712 ore,
1304 670 1502 716 semper
1519 654 1742 717 quidem}

227 745 455 792 magnus,
491 746 765 794 numquam
806 737 978 777 tamen
1021 734 1178 778 acrior
1218 748 1367 794 quam
1403 732 1488 778 ubi
1524 721 1742 777 veritati⁴

227 807 511 854 commodas
537 809 703 866 verba,
729 807 928 855 dixisti:

306 925 429 967 Mors
449 939 539 967 non
558 927 675 968 unal
696 929 834 975 venit,
856 927 935 968 sed
955 941 1071 981 quae
1090 929 1222 989 rapit,
1243 928 1400 969 ultima
1419 941 1537 969 mors
1557 930 1639 969 est.

231 1033 364 1080 Malo
405 1040 458 1081 te
506 1034 643 1097 legas
685 1052 834 1098 quam
884 1035 1151 1098 epistulam
1192 1052 1371 1082 meam.
1445 1037 1700 1099 Apparebi

226 1115 362 1158 enim
406 1113 498 1159 tibi
533 1112 679 1170 hanc,
716 1129 866 1176 quam
908 1116 1162 1170 timemUS,
1198 1119 1412 1160 mortem
1448 1120 1672 1161 extrema
1721 1118 1725 1122 ”

226 1205 351 1247 esse,
375 1206 478 1236 non
503 1191 670 1237 solam.
1157 1202 1179 1218 ⁵

140 1269 203 1315 22
316 1267 477 1314 Video
512 1284 611 1331 quo
647 1275 874 1331 spectes3
921 1271 1134 1331 quaeriS,
1169 1269 1291 1331 quid
1328 1268 1443 1315 huic
1479 1269 1694 1332 epistula

225 1344 520 1403 infulserim,
561 1346 697 1408 quod
744 1346 936 1392 dictum
988 1346 1195 1392 alicuius
1246 1349 1541 1405 animosum,
1589 1364 1688 1411 quo

226 1429 552 1485 praeceptum
600 1423 738 1470 utile.
813 1424 890 1469 Ex
935 1423 1029 1469 hac
1075 1427 1183 1486 ipsa
1229 1428 1454 1482 materia,
1501 1441 1629 1488 quae
1670 1429 1686 1471 i

224 1501 454 1547 manibus
495 1500 609 1559 fuit,
643 1505 878 1547 mittetur
919 1501 1119 1564 aliquid.
1195 1502 1444 1565 Obiurgat
1479 1503 1697 1565 Epicuru

224 1594 327 1624 non
350 1582 516 1626 minus
543 1596 644 1637 eos,
671 1582 756 1642 qui
787 1586 1003 1626 mortem
1036 1583 1415 1642 concupiscunt,
1440 1597 1589 1644 quam
1622 1598 1706 1628 eos

225 1659 310 1720 qui
330 1660 530 1714 timent,
551 1663 604 1703 et
623 1660 693 1703 ait
712 1674 722 1702 :
760 1661 791 1683 “
811 1657 1095 1703 Ridiculum
1113 1663 1192 1704 est
1211 1674 1408 1704 currere
1426 1658 1490 1705 ad
1507 1665 1669 1706 morte

225 1734 395 1780 taedio
435 1737 586 1791 vitae,
628 1751 742 1780 cum
783 1751 972 1797 genere
1014 1738 1164 1792 vitae,
1206 1742 1264 1782 ut
1310 1725 1611 1782 currendum
1657 1754 1685 1783 a

138 1814 200 1860 23
224 1819 440 1859 mortem
459 1818 609 1871 esset,
629 1812 900 1859 effeceris.’'
967 1812 1096 1858 Item
1111 1812 1209 1859 alio
1225 1813 1334 1859 loco
1349 1813 1500 1861 dicit:
1538 1819 1568 1879 ‘f
1585 1814 1684 1874 Qui

223 1896 329 1936 tam
371 1890 636 1936 ridiculum
677 1906 827 1953 quam
867 1889 1110 1952 adpetere
1150 1896 1381 1948 mortem,
1418 1903 1532 1938 cum
1568 1895 1669 1939 vita

223 1970 502 2030 inquietam
539 1968 631 2014 tibi
668 1967 846 2014 feceris
887 1973 1028 2014 metu
1070 1968 1324 2014 mortis?”
1399 1970 1495 2016 His
1536 1970 1691 2017 adici'

224 2051 278 2092 et
301 2045 427 2092 illud
453 2045 680 2092 eiusdem
704 2052 854 2092 notae
880 2045 1016 2103 licet,
1041 2051 1235 2092 tantam
1261 2045 1519 2093 hominum
1550 2051 1638 2110 inp

222 2123 450 2170 dentiam
491 2139 617 2181 esse,
653 2127 806 2169 immo
847 2123 1173 2181 dementiam,
1210 2130 1267 2170 ut
1301 2124 1505 2187 quidam
1540 2129 1664 2172 timo

222 2205 395 2248 mortis
421 2208 664 2263 cogantur
687 2201 751 2247 ad
774 2207 1003 2247 mortem.

139 2284 200 2330 24
308 2278 562 2342 Quicquid
598 2278 778 2325 horum
811 2283 1118 2336 tractaveris,
1151 2279 1461 2328 confirmabis
1497 2285 1664 2328 animu

612 2372 626 2396 ¹
655 2387 747 2413 una
767 2371 1000 2421 Muretus;
1029 2373 1186 2413 ultima
1207 2371 1337 2415 MSS.

296 2509 316 2527 α
345 2500 477 2553 Frag.
502 2503 581 2541 496
603 2500 791 2541 Usener.
1097 2501 1114 2526 ὃ
1143 2499 1272 2553 Frag.
1297 2503 1376 2540 498
1398 2500 1587 2544 Usener.

784 2561 799 2579 ⁰
828 2553 958 2607 Frag.
982 2557 1060 2594 497
1084 2553 1273 2597 Usener.

229 2622 320 2669 178
