1742 2872
479 185 626 233 THE
662 184 981 234 EPISTLES
1018 185 1108 234 OF
1144 185 1410 234 SENECA

824 376 1065 423 XXVIII.

543 503 738 551 SENECA
775 505 976 551 Lvmmo
1013 521 1097 551 svo
1133 520 1352 551 SALVTEM

147 634 170 682 1
285 631 398 676 Hoc
421 631 516 677 tibi
540 631 630 677 soli
656 638 802 693 putas
821 631 1059 678 accidisse
1079 638 1133 678 et
1155 631 1410 678 admiraris
1430 634 1569 693 quasi
1588 646 1693 678 rem

197 725 393 766 novam,
425 708 560 771 quod
574 712 1002 779 peregrinatione
1036 715 1142 755 tam
1174 708 1324 771 longa
1360 714 1413 755 et
1448 714 1526 755 tot
1561 708 1694 754 loco-

196 801 306 832 rum
331 787 656 833 varietatibus
680 803 782 832 non
806 786 1080 833 discussisti
1099 790 1354 833 tristitiam
1373 790 1694 849 gravitatem-

197 880 296 927 que
332 865 553 911 mentis?
627 865 866 909 Animum
903 864 1059 911 debes
1094 871 1308 922 mutare,
1344 881 1445 910 non
1483 863 1689 921 caelum.

198 941 344 988 Licet
379 948 576 989 vastum
611 946 867 989 traieceris
893 959 1048 1000 mare,
1081 942 1221 1000 licet,
1258 949 1315 988 ut
1350 946 1420 989 ait
1446 942 1694 1005 Vergilius

195 1026 383 1078 noster,

589 1106 841 1161 Terraeque
859 1106 1081 1161 urbesque
1101 1107 1326 1155 recedant,

146 1223 174 1269 2
197 1221 473 1278 sequentur
525 1221 597 1273 te,
644 1231 959 1278 quocumque
1018 1218 1319 1278 perveneris,
1373 1217 1505 1261 vitia.
1580 1215 1694 1261 Hoc

194 1292 331 1339 idem
367 1296 601 1355 querenti
642 1293 839 1339 cuidam
877 1292 1106 1340 Socrates
1140 1296 1244 1340 ait:
1287 1291 1471 1350 “Quid
1506 1295 1694 1338 miraris

195 1369 322 1415 nihil
358 1371 450 1416 tibi
487 1374 920 1433 peregrinationes
956 1370 1211 1433 prodesse,
1247 1386 1361 1416 cum
1396 1377 1450 1417 te
1487 1373 1695 1417 circum-¹

196 1446 363 1494 feras?
436 1447 625 1494 Premit
683 1453 737 1495 te
797 1448 977 1495 eadem
1035 1463 1198 1506 causa,
1262 1463 1390 1510 quae
1450 1447 1691 1509 expulit.”

197 1523 334 1581 Quid
358 1531 603 1571 terrarum
627 1528 795 1572 iuvare
820 1529 1015 1572 novitas
1035 1527 1241 1587 potest?
1309 1524 1448 1583 Quid
1473 1528 1694 1588 cognitio
1714 1557 1718 1571 ι

196 1603 394 1649 urbium
417 1609 505 1649 aut
529 1603 787 1649 locorum?
859 1603 919 1648 In
951 1606 1158 1650 inritum
1185 1602 1323 1649 cedit
1355 1606 1451 1650 ista
1474 1606 1690 1650 iactatiO.
1711 1594 1717 1605 ⁵

195 1679 407 1738 Quaeris
449 1696 602 1742 quare
643 1686 697 1727 te
743 1679 864 1743 fuga
911 1684 1008 1728 ista
1052 1697 1155 1727 non
1195 1679 1437 1727 adiuvet?
1505 1680 1694 1727 Tecum

195 1756 340 1819 fugis.
416 1757 558 1804 Onus
590 1761 744 1804 animi
777 1757 1136 1820 deponendum
1170 1764 1280 1813 cst3
1317 1774 1419 1804 non
1451 1765 1571 1805 ante
1601 1759 1694 1805 tibi

144 1849 173 1895 3
195 1834 328 1881 ullus
383 1835 604 1897 placebit
658 1835 808 1883 locus.
882 1835 1056 1882 Talem
1108 1852 1243 1882 nunc
1299 1851 1408 1883 esse
1465 1835 1694 1883 habitum

196 1918 340 1958 tuum
383 1915 565 1975 cogita,
601 1913 802 1976 qualem
838 1913 1090 1976 Vergilius
1126 1918 1299 1959 noster
1331 1917 1458 1959 vatis
1499 1913 1668 1960 induci

195 1992 294 2035 iam
319 1992 601 2036 concitatae
636 1996 688 2036 et
720 1994 991 2053 instigatae
1025 1990 1342 2054 multumque
1374 1990 1610 2037 habentis
1641 1995 1656 2038 i

195 2083 250 2114 se
274 2070 477 2130 spiritus
501 2083 604 2113 non
629 2070 734 2114 sui:

1718 1660 1728 1687 t

419 2171 670 2213 Bacchatur
689 2175 832 2220 vates,
855 2185 1071 2226 magnum
1091 2175 1129 2215 si
1148 2177 1331 2227 pectore
1350 2175 1493 2227 possit

420 2236 684 2277 Excussisse
705 2236 852 2278 deum.

197 2341 347 2388 Vadis
388 2340 487 2387 huc
527 2340 663 2398 illuc,
704 2347 763 2388 ut
797 2344 1019 2387 excutias
1054 2340 1277 2388 insidens
1312 2341 1523 2404 pondus,
1559 2358 1658 2405 quo

264 2477 286 2533 ‘J
317 2469 384 2523 Of.
417 2469 610 2518 Horace,
642 2469 727 2522 Ep.
761 2470 788 2510 i.
825 2472 887 2511 11.
918 2472 969 2510 27
999 2469 1163 2511 caelum
1189 2483 1279 2511 non
1297 2469 1494 2511 animwm
1520 2475 1642 2511 muta

200 2538 274 2578 qm
295 2529 418 2565 trans
437 2537 556 2565 mare
577 2529 774 2565 currunt.
1677 2534 1679 2537 “

267 2579 283 2604 ⁶
312 2578 497 2624 Aeneia,
519 2579 578 2619 iii.
604 2579 668 2620 72.
1038 2584 1068 2627 ‘⁰
1095 2577 1282 2626 Aeneia,
1303 2579 1359 2620 vi.
1386 2581 1437 2618 78
1457 2578 1489 2621 f.

205 2648 296 2697 198
