1742 2872
477 123 623 169 THE
659 122 979 171 EPISTLES
1016 122 1106 170 OF
1141 121 1406 170 SENECA

198 234 423 294 propitiis
442 231 640 278 auribus
662 234 760 277 tuis
787 235 819 258 ‘⁶'
835 233 1105 277 essentiam
1121 229 1149 245 '’
1168 229 1184 260 1
1210 229 1408 286 dicere3
1445 232 1485 276 si
1510 232 1689 287 minus,

122 334 146 339 -s
197 300 360 345 dicam
403 305 457 345 et
496 301 647 345 iratis.
735 298 1028 344 Ciceronem
1067 303 1323 352 auctorem
1365 296 1511 343 huius
1553 297 1690 343 verbi

198 366 376 423 habeo,
419 371 541 427 puto
582 365 901 427 locupletem.
1010 363 1061 410 Si
1109 368 1440 410 recentiorem
1481 367 1691 426 quaeris,
1723 367 1732 372 '

201 433 491 490 Fabianum,
516 432 760 479 disertum
785 438 838 478 et
862 431 1167 494 elegantem,
1191 434 1427 477 orationis
1453 434 1606 477 etiam
1628 430 1692 477 ad

198 506 424 546 nostrum
480 498 736 546 fastidium
790 498 994 546 nitidae.
1102 497 1238 556 Quid
1293 501 1428 544 enim
1474 497 1578 555 fiet,
1623 501 1693 543 mi
1737 546 1742 560 Ι

202 566 398 612 Lucili?
501 564 766 625 Quomodo
821 566 1017 613 dicetur
1072 562 1214 611 οὐσία
1266 581 1345 612 res
1398 568 1694 622 necessaria,

199 640 378 680 natura
432 636 696 680 continens
749 632 1138 680 fundamentum
1191 632 1450 679 omnium?
1556 631 1694 694 Rogo

199 704 370 763 itaque
412 703 674 763 permittas
715 699 838 746 mihi
879 699 974 746 hoc
1010 700 1161 746 verbo
1197 702 1285 746 uti.
1360 698 1719 746 Nihilominus-

200 768 330 814 dabo
349 783 568 830 operam,
587 773 646 814 ut
669 771 745 814 ius
768 784 798 813 a
823 772 875 814 te
894 767 1069 814 datum
1095 770 1378 828 parcissime
1404 782 1664 813 exerceam
1682 781 1695 822 ;

150 834 177 883 7
200 835 410 882 fortasse
446 839 715 882 contentus
752 850 836 881 ero
871 833 993 880 mihi
1028 833 1193 881 licere.
1300 833 1438 891 Quid
1474 832 1719 895 proderit

200 901 412 949 facilitas
430 908 535 959 tua,
553 917 668 948 cum
687 917 804 948 ecce
824 900 875 947 id
894 901 1032 947 nullo
1047 899 1197 947 modo
1217 899 1397 947 Latine
1418 903 1695 963 exprimere
1734 925 1737 928 ⁴

201 972 402 1031 possim,
420 974 626 1031 propter
649 968 784 1032 quod
810 968 1011 1031 linguae
1035 974 1234 1014 nostrae
1260 971 1538 1014 convicium
1562 966 1695 1014 feci?
1723 999 1728 1004 -

205 1037 366 1099 Magis
402 1036 662 1082 damnabis
697 1039 953 1098 angustias
993 1035 1254 1092 Romanas,
1278 1038 1318 1082 si
1343 1037 1510 1081 scieris
1545 1050 1694 1081 unam

150 1157 153 1160 ,
201 1103 442 1166 syllabam
468 1119 593 1160 esse,
618 1119 764 1166 quam
796 1109 991 1149 mutare
1023 1118 1126 1148 non
1159 1118 1370 1164 possum.
1463 1101 1605 1160 Quae
1631 1105 1696 1149 sit

200 1170 342 1227 haec,
371 1171 603 1233 quaeris?
672 1169 737 1216 Τὸ
762 1168 828 1216 ὄν.
903 1170 1029 1216 Duri
1061 1170 1152 1216 tibi
1189 1169 1358 1216 videor
1388 1171 1608 1231 ingenii3
1644 1172 1696 1215 in

200 1237 369 1285 medio
401 1237 657 1300 positum,2
683 1253 827 1299 posse
853 1240 922 1284 sic
951 1235 1224 1294 transferri,
1247 1242 1305 1283 ut
1329 1235 1492 1282 dicam
1516 1240 1547 1263 “
1563 1235 1696 1299 quod

204 1305 328 1352 est.’'
415 1304 516 1351 Sed
552 1304 768 1351 multum
804 1308 1046 1351 interesse
1082 1303 1257 1359 video;
1306 1319 1456 1365 cogor
1489 1303 1695 1350 verbum
1740 1331 1742 1359 2

152 1373 182 1420 8
204 1388 293 1435 pro
318 1372 556 1418 vocabulo
582 1388 782 1434 ponere.
879 1370 981 1418 Sed
1005 1374 1046 1417 si
1069 1374 1141 1417 ita
1164 1386 1371 1418 necesse
1396 1377 1490 1428 est,
1515 1385 1698 1433 ponam
1740 1395 1742 1411 .

204 1438 385 1502 “quod
420 1439 544 1486 est.'’
631 1437 730 1485 Sex
762 1437 923 1485 modis
954 1437 1049 1485 hoc
1080 1455 1110 1484 a
1142 1437 1349 1485 Platone
1382 1436 1480 1485 dici
1512 1440 1707 1484 amicus
1740 1434 1742 1473 ἕ

203 1512 392 1564 noster,
438 1506 588 1552 homo
635 1505 1014 1563 eruditissimus,
1060 1504 1303 1552 hodierno
1350 1504 1432 1552 die
1480 1504 1694 1552 dicebat.

206 1572 398 1620 Omnes
428 1573 522 1620 tibi
546 1589 810 1636 exponam,
836 1576 875 1619 si
899 1579 1019 1620 ante
1050 1572 1334 1620 indicavero
1367 1587 1476 1619 esse
1508 1570 1698 1635 aliquid
1738 1578 1739 1611 1

205 1657 382 1703 genus,
407 1656 515 1688 esse
540 1647 595 1688 et
618 1643 848 1703 speciem.

450 1726 463 1751 ¹
494 1727 717 1768 essentiam
737 1725 969 1773 Muretus;
998 1726 1103 1780 quid
1119 1725 1302 1766 sentiam
1323 1724 1452 1767 MSS.

524 1780 542 1805 ²
564 1781 757 1834 positum
777 1780 980 1821 Muretus
999 1797 1010 1827 3
1035 1780 1226 1833 positam
1245 1778 1375 1822 MSS.

273 1874 292 1892 ‘²
321 1865 476 1908 Cicero
506 1865 681 1918 usually
710 1878 815 1919 says
849 1871 1028 1906 natura.
1088 1864 1184 1906 The
1211 1865 1349 1911 word,
1381 1865 1586 1906 accordin
1653 1868 1700 1906 to

207 1919 471 1973 Quintilian,
493 1932 584 1960 was
603 1919 703 1961 first
721 1919 832 1961 used
852 1919 914 1973 by
928 1933 956 1960 a
974 1920 1142 1960 certain
1163 1917 1345 1971 Sergius
1368 1919 1541 1960 Flavus.
1590 1879 1642 1960 {t
1662 1920 1699 1960 is

207 1975 302 2015 also
322 1974 464 2015 found
484 1976 528 2014 in
550 1973 786 2027 Apuleius,
808 1972 1081 2020 Macrobius,
1103 1972 1194 2014 and
1214 1972 1436 2015 Sidonius.

275 2030 291 2055 ⁶
320 2028 405 2070 See
425 2028 513 2082 Ep.
537 2041 574 2070 c.
638 2027 839 2080 Papirius
867 2027 1108 2073 Fabianus,
1128 2026 1229 2068 who
1249 2027 1366 2067 lived
1392 2028 1436 2067 in
1463 2026 1541 2068 the
1567 2028 1699 2068 times

207 2082 258 2123 of
282 2082 484 2123 Tiberius
503 2081 594 2123 and
621 2080 837 2134 Caligula,
861 2094 952 2122 was
972 2095 1000 2122 a
1019 2080 1142 2134 pupil
1161 2081 1213 2122 of
1237 2080 1315 2122 the
1334 2080 1513 2123 Sextius
1533 2080 1585 2122 of
1607 2081 1695 2135 Ep.

207 2136 301 2183 lix„
332 2135 422 2176 and
456 2148 546 2177 was
576 2135 740 2189 (Pliny,
771 2135 830 2176 N.
864 2135 923 2177 H.
957 2136 1103 2176 xxxvi.
1141 2138 1202 2176 15.
1236 2135 1306 2187 24)
1336 2141 1521 2176 naturae
1554 2147 1702 2176 rerum

203 2191 502 2284 §mitiss-imus.
565 2189 639 2230 He
668 2192 704 2231 is
733 2189 910 2243 praised
939 2190 1000 2242 by
1028 2188 1107 2229 the
1136 2188 1257 2229 elder
1285 2187 1457 2231 Seneca
1485 2189 1627 2241 (Com.
1657 2191 1696 2230 2.

211 2244 384 2340 agge-72)
412 2243 527 2290 who,
556 2243 775 2290 however,
806 2256 911 2297 says
940 2243 992 2284 of
1015 2242 1108 2283 him
1137 2243 1281 2284 deerat
1311 2242 1701 2301 robur—splendor

292 2312 346 2338 ra
369 2331 378 2340 .

274 2360 290 2378 ⁶
316 2352 405 2398 i.e.,
426 2346 444 2390 I
462 2354 583 2392 must
602 2364 683 2392 use
697 2350 826 2392 other
841 2349 1064 2403 imported
1081 2349 1224 2391 words
1246 2353 1292 2390 to
1308 2349 1484 2403 explain
1507 2335 1703 2397 essmttia,⁴

207 2405 351 2446 which
371 2407 408 2446 is
429 2408 509 2446 not
534 2418 562 2445 a
587 2406 738 2446 native
770 2404 901 2446 Latin
934 2403 1069 2451 word,
1092 2403 1174 2444 but
1203 2404 1414 2445 invented
1441 2417 1490 2445 as
1511 2417 1539 2444 a
1557 2402 1700 2445 litera!
1725 2418 1727 2422 ’

208 2459 472 2501 translation
492 2460 544 2499 of
561 2462 690 2502 οὐσία.
834 2457 839 2461 ’

274 2515 295 2539 a
322 2513 377 2567 of.
402 2516 509 2564 §1⁶-

207 2584 305 2633 390
