1742 2872
479 181 625 229 THE
663 180 982 230 EPISTLES
1020 181 1110 230 OF
1146 182 1411 230 SENECA

164 308 188 314 -.
198 291 563 354 tranquillitate
587 307 644 337 ac
670 292 915 338 modestia
939 309 1131 338 morum
1157 295 1432 354 sapientiae
1461 293 1690 351 debeam,

199 364 321 426 quid
344 367 516 422 aetati,
541 371 594 411 et
626 365 898 427 diligenter
931 371 1184 423 excutere,
1208 382 1336 428 quae
1372 382 1472 412 non
1509 370 1690 428 possim

200 438 382 496 facere,
421 455 548 501 quae
597 439 750 484 nolim
802 438 1067 501 †prodesse
1108 438 1368 485 habiturus
1409 440 1471 485 ad
1520 444 1604 502 qui
1653 444 1690 485 si

198 512 354 574 nolim
380 512 625 575 quidquid
648 529 749 558 non
773 529 918 575 posse
944 529 1025 559 me
1049 511 1317 575 gaudeo†.1
1389 512 1532 569 Quae
1558 517 1692 560 enim

199 585 422 648 querella
442 592 533 642 est,
554 586 688 648 quod
707 586 1096 644 incommodum,
1116 590 1156 632 si
1174 586 1418 649 quidquid
1438 587 1658 633 debebat
1674 588 1692 616 2

146 654 175 699 4
199 659 447 716 desinere,
490 659 716 706 defecit?
803 665 834 686 “
852 659 1232 706 Incommodum
1274 677 1523 706 summum
1565 660 1690 718 est,”

198 736 379 796 inquis,
433 737 638 779 “minui
685 740 739 780 et
785 733 1013 796 deperire
1056 740 1125 791 et,
1167 740 1224 780 ut
1270 738 1467 796 proprie
1514 734 1694 792 dicam,

199 807 487 870 liquescere.
577 807 691 853 Non
733 811 867 853 enim
915 811 1079 853 subito
1126 807 1310 869 inpulsi
1357 825 1413 854 ac
1461 812 1691 869 prostrati

199 897 397 936 sumus3
445 884 704 959 carpimur.
792 879 988 942 Singuli
1024 880 1132 928 dies
1166 881 1356 943 aliquid
1392 880 1694 927 subtrahunt
1734 894 1742 925 ι

200 954 430 1000 viribus.'’

283 1028 502 1090 Ecquis3
544 1031 708 1074 exitus
750 1034 828 1074 est
869 1028 1045 1074 melior
1077 1045 1229 1090 quam
1268 1032 1321 1074 in
1356 1029 1505 1074 finem
1550 1046 1692 1075 suum
1737 1034 1742 1059 ἲ

198 1108 376 1148 natura
411 1101 637 1148 solvente
674 1101 865 1147 dilabi?
935 1102 1049 1147 Non
1082 1105 1198 1164 quia
1227 1102 1414 1164 aliquid
1439 1101 1557 1148 mali
1582 1104 1693 1149 est4

198 1179 326 1221 ictus
364 1182 416 1221 et
458 1192 486 1222 e
528 1178 630 1221 vita
665 1179 960 1236 repentinus
996 1191 1243 1232 excessus,
1279 1175 1368 1222 sed
1410 1179 1526 1238 quia
1566 1175 1692 1222 lenis

200 1248 324 1295 haec
343 1255 422 1296 est
446 1251 539 1306 via,
559 1248 782 1296 subduci.
856 1249 965 1311 Ego
985 1255 1140 1306 certe,
1160 1249 1300 1295 velut
1323 1249 1692 1312 adpropinquet

198 1326 601 1384 experimentum
626 1328 679 1368 et
710 1322 796 1368 ille
828 1322 1018 1368 laturus
1044 1326 1348 1369 sententiam
1373 1322 1438 1369 de
1463 1323 1692 1369 omnibus

197 1400 338 1442 annis
364 1400 487 1442 meis
512 1396 619 1442 dies
646 1399 856 1453 venerit,
882 1399 953 1442 ita
984 1412 1065 1442 me
1099 1396 1306 1443 observo
1339 1402 1392 1442 et
1423 1396 1690 1459 adloquor:

145 1476 173 1522 5
199 1469 386 1515 “Nihil
428 1469 554 1526 est,”
592 1473 812 1532 inquam,
849 1469 1076 1527 “adhuc,
1118 1469 1253 1532 quod
1293 1475 1381 1515 aut
1417 1470 1563 1516 rebus
1604 1476 1692 1516 aut

198 1544 360 1590 verbis
386 1543 714 1590 exhibuimus.
790 1542 945 1589 Levia
979 1549 1098 1589 sunt
1133 1547 1229 1590 ista
1264 1550 1318 1590 et
1353 1542 1549 1589 fallacia
1583 1547 1692 1606 pig-

197 1634 318 1663 nora
352 1621 505 1663 animi
541 1617 812 1679 multisque
849 1616 1075 1663 involuta
1110 1617 1399 1672 lenociniis;
1435 1616 1556 1680 quid
1582 1634 1692 1679 pro-

197 1691 419 1748 fecerim,
456 1694 604 1737 morti
641 1691 919 1737 crediturus
955 1707 1076 1738 sum.
1153 1691 1267 1736 Non
1306 1691 1480 1737 timide
1522 1694 1692 1754 itaque

199 1781 454 1827 conponor
493 1764 557 1810 ad
598 1764 741 1810 illum
781 1764 932 1821 diem,
976 1781 1075 1827 quo
1122 1767 1326 1810 remotis
1373 1763 1589 1826 strophis
1635 1779 1692 1810 ac

198 1837 324 1884 fucis
360 1837 424 1884 de
461 1854 541 1884 me
577 1838 885 1884 iudicaturus
918 1854 1043 1894 sum,
1070 1843 1237 1884 utrum
1262 1838 1435 1900 loquar
1457 1837 1606 1883 fortia
1629 1853 1694 1883 an

199 1916 428 1968 sentiam,
465 1911 709 1974 numquid
750 1911 999 1957 simulatio
1036 1911 1190 1957 fuerit
1230 1917 1284 1957 et
1324 1914 1520 1968 mimuS,
1557 1914 1694 1973 quic-

199 1985 321 2048 quid
340 1991 513 2031 contra
537 1984 789 2031 fortunam
814 1988 992 2030 iactavi
1018 1986 1280 2031 verborum
1307 1987 1688 2033 contumacium.

149 2059 177 2105 6
202 2059 421 2106 Remove
447 2061 869 2104 existimationem
895 2057 1183 2114 hominum3
1220 2057 1372 2104 dubia
1396 2074 1593 2120 semper
1617 2074 1669 2104 es

199 2139 252 2179 et
293 2136 345 2178 in
387 2138 582 2194 partem
629 2138 892 2193 utramque
940 2131 1192 2178 dividitur.
1270 2131 1486 2178 Remove
1529 2131 1662 2178 studi
1740 2125 1742 2132 ⁴

266 2207 279 2232 1
309 2206 416 2247 This
439 2219 630 2269 passage
650 2208 686 2246 is
713 2206 965 2259 hopelessly
984 2209 1176 2259 corrupt.
1239 2205 1334 2246 The
1359 2219 1516 2246 course
1541 2205 1592 2246 of
1615 2205 1666 2246 th

197 2264 435 2314 argument
450 2261 646 2313 requires
663 2260 918 2313 something
934 2259 1022 2300 like
1036 2259 1152 2301 this:
1185 2258 1273 2300 For
1287 2261 1347 2300 it
1337 2273 1374 2300 is
1385 2260 1482 2313 just
1495 2273 1545 2300 as
1558 2273 1660 2300 muc

197 2319 246 2356 to
267 2329 343 2368 my
362 2314 616 2367 advantage
635 2317 715 2355 not
733 2318 781 2355 to
802 2314 858 2354 be
877 2314 978 2354 able
996 2317 1044 2354 to
1065 2313 1122 2354 do
1142 2314 1264 2354 what
1284 2314 1303 2354 Ι
1329 2302 1393 2354 do
1406 2316 1486 2354 not
1505 2317 1627 2354 want
1645 2317 1665 2354 t

199 2369 272 2416 do,
294 2382 344 2409 as
364 2371 456 2410 itis
475 2372 524 2409 to
543 2369 599 2409 be
619 2369 720 2408 able
738 2372 786 2409 to
806 2368 864 2409 do
886 2368 1110 2408 whatever
1126 2369 1252 2420 gives
1272 2381 1344 2408 me
1363 2368 1579 2421 pleasure.

266 2422 283 2447 2
311 2423 480 2464 debebat
501 2422 683 2463 Fickert
701 2422 792 2463 and
812 2422 998 2474 Madvig
1014 2421 1200 2468 3debeat
1221 2420 1351 2463 MSS.

265 2477 282 2502 3
310 2478 449 2530 ecquis
468 2476 682 2529 Madvig;
710 2477 781 2517 hec
800 2477 894 2530 quis
912 2476 1003 2516 and
1022 2481 1061 2515 et
1080 2476 1174 2528 quis
1194 2474 1322 2516 MSS.

264 2531 477 2584 ⁴aliquid
508 2530 615 2571 mali
647 2531 758 2570 ictus
795 2530 866 2583 pL
884 2547 896 2577 ;
939 2535 1014 2577 est,
1050 2529 1190 2571 found
1228 2531 1272 2569 in
1310 2543 1338 2569 a
1375 2528 1461 2569 few
1491 2528 1580 2568 less
1613 2530 1627 2568 i
1676 2531 1688 2547 ³

198 2588 379 2637 portant
398 2583 548 2631 MSS.
570 2586 607 2625 is
627 2583 824 2625 inserted
843 2584 904 2636 by
926 2583 1095 2627 Hense.
1675 2593 1683 2600 ‘

205 2645 296 2687 188
