<?xml version="1.0" encoding="UTF-8"?>
<!DOCTYPE html PUBLIC "-//W3C//DTD XHTML 1.0 Transitional//EN"
    "http://www.w3.org/TR/xhtml1/DTD/xhtml1-transitional.dtd">
<html xmlns="http://www.w3.org/1999/xhtml" xml:lang="en" lang="en">
 <head>
  <title>
</title>
<meta http-equiv="Content-Type" content="text/html;charset=utf-8" />
  <meta name='ocr-system' content='tesseract 3.04.00' />
  <meta name='ocr-capabilities' content='ocr_page ocr_carea ocr_par ocr_line ocrx_word'/>
</head>
<body>
  <div class='ocr_page' id='page_1' title='image "adluciliumepistu01seneuoft_0166.png"; bbox 0 0 1742 2872; ppageno 0'>
   <div class='ocr_carea' id='block_1_1' title="bbox 496 155 1427 203">
    <p class='ocr_par' dir='ltr' id='par_1_1' title="bbox 496 155 1427 203">
     <span class='ocr_line' id='line_1_1' title="bbox 496 155 1427 203; baseline 0 -1"><span class='ocrx_word' id='word_1_1' title='bbox 496 156 641 202; x_wconf 89' lang='lat' dir='ltr'><strong>THE</strong></span> <span class='ocrx_word' id='word_1_2' title='bbox 678 155 1000 203; x_wconf 88' lang='lat' dir='ltr'>EPISTLES</span> <span class='ocrx_word' id='word_1_3' title='bbox 1037 155 1127 202; x_wconf 90' lang='lat' dir='ltr'><strong>OF</strong></span> <span class='ocrx_word' id='word_1_4' title='bbox 1162 155 1427 203; x_wconf 90' lang='lat' dir='ltr'>SENECA</span> 
     </span>
    </p>
   </div>
   <div class='ocr_carea' id='block_1_2' title="bbox 162 266 1742 2105">
    <p class='ocr_par' dir='ltr' id='par_1_2' title="bbox 166 266 1710 639">
     <span class='ocr_line' id='line_1_2' title="bbox 166 266 1710 328; baseline 0.001 -18"><span class='ocrx_word' id='word_1_5' title='bbox 166 295 185 310; x_wconf 22' lang='grc' dir='ltr'><strong>,μ</strong></span> <span class='ocrx_word' id='word_1_6' title='bbox 213 272 402 313; x_wconf 89' lang='lat' dir='ltr'><strong>certam</strong></span> <span class='ocrx_word' id='word_1_7' title='bbox 438 269 682 328; x_wconf 83' lang='lat' dir='ltr'>originem</span> <span class='ocrx_word' id='word_1_8' title='bbox 717 266 903 313; x_wconf 91' lang='lat' dir='ltr'><strong>habeat</strong></span> <span class='ocrx_word' id='word_1_9' title='bbox 937 283 995 313; x_wconf 90' lang='lat' dir='ltr'><strong>ac</strong></span> <span class='ocrx_word' id='word_1_10' title='bbox 1031 283 1170 313; x_wconf 89' lang='lat' dir='ltr'><strong>suam</strong></span> <span class='ocrx_word' id='word_1_11' title='bbox 1205 267 1290 313; x_wconf 90' lang='lat' dir='ltr'><strong>ille</strong></span> <span class='ocrx_word' id='word_1_12' title='bbox 1332 270 1494 313; x_wconf 83' lang='lat' dir='ltr'><strong>niteat</strong></span> <span class='ocrx_word' id='word_1_13' title='bbox 1529 266 1710 323; x_wconf 90' lang='lat' dir='ltr'><strong>alieno,</strong></span> 
     </span>
     <span class='ocr_line' id='line_1_3' title="bbox 214 347 1710 410; baseline 0.001 -17"><span class='ocrx_word' id='word_1_14' title='bbox 214 347 308 394; x_wconf 94' lang='lat' dir='ltr'><strong>hoc</strong></span> <span class='ocrx_word' id='word_1_15' title='bbox 332 351 465 395; x_wconf 85' lang='lat' dir='ltr'><strong>inter</strong></span> <span class='ocrx_word' id='word_1_16' title='bbox 483 347 612 394; x_wconf 87' lang='lat' dir='ltr'><strong>hanc</strong></span> <span class='ocrx_word' id='word_1_17' title='bbox 638 351 790 394; x_wconf 90' lang='lat' dir='ltr'><strong>vitam</strong></span> <span class='ocrx_word' id='word_1_18' title='bbox 816 354 869 394; x_wconf 92' lang='lat' dir='ltr'><strong>et</strong></span> <span class='ocrx_word' id='word_1_19' title='bbox 893 348 1030 394; x_wconf 91' lang='lat' dir='ltr'><strong>illam</strong></span> <span class='ocrx_word' id='word_1_20' title='bbox 1051 364 1063 404; x_wconf 80' lang='lat'><em>3</em></span> <span class='ocrx_word' id='word_1_21' title='bbox 1098 347 1225 394; x_wconf 90' lang='lat' dir='ltr'><strong>haec</strong></span> <span class='ocrx_word' id='word_1_22' title='bbox 1248 348 1443 410; x_wconf 88' lang='lat' dir='ltr'>fulgore</span> <span class='ocrx_word' id='word_1_23' title='bbox 1469 351 1710 394; x_wconf 86' lang='lat' dir='ltr'><strong>extrinse-</strong></span> 
     </span>
     <span class='ocr_line' id='line_1_4' title="bbox 214 429 1709 491; baseline 0 -16"><span class='ocrx_word' id='word_1_24' title='bbox 214 445 300 475; x_wconf 88' lang='lat' dir='ltr'><strong>cus</strong></span> <span class='ocrx_word' id='word_1_25' title='bbox 319 432 557 476; x_wconf 89' lang='lat' dir='ltr'><strong>veniente</strong></span> <span class='ocrx_word' id='word_1_26' title='bbox 577 445 809 491; x_wconf 85' lang='lat' dir='ltr'><strong>percussa</strong></span> <span class='ocrx_word' id='word_1_27' title='bbox 834 435 926 487; x_wconf 87' lang='lat' dir='ltr'><strong>est,</strong></span> <span class='ocrx_word' id='word_1_28' title='bbox 943 446 1154 476; x_wconf 84' lang='lat' dir='ltr'><strong>crassam</strong></span> <span class='ocrx_word' id='word_1_29' title='bbox 1178 429 1252 475; x_wconf 92' lang='lat' dir='ltr'><strong>illi</strong></span> <span class='ocrx_word' id='word_1_30' title='bbox 1288 433 1458 476; x_wconf 87' lang='lat' dir='ltr'><strong>statim</strong></span> <span class='ocrx_word' id='word_1_31' title='bbox 1483 429 1709 475; x_wconf 88' lang='lat' dir='ltr'><strong>umbram</strong></span> 
     </span>
     <span class='ocr_line' id='line_1_5' title="bbox 214 510 1710 574; baseline 0.001 -18"><span class='ocrx_word' id='word_1_32' title='bbox 214 510 367 558; x_wconf 88' lang='lat' dir='ltr'><strong>faciet</strong></span> <span class='ocrx_word' id='word_1_33' title='bbox 401 514 623 574; x_wconf 90' lang='lat' dir='ltr'><strong>quisquis</strong></span> <span class='ocrx_word' id='word_1_34' title='bbox 661 512 948 567; x_wconf 82' lang='lat' dir='ltr'><strong>obstiterit3</strong></span> <span class='ocrx_word' id='word_1_35' title='bbox 990 510 1076 557; x_wconf 89' lang='lat' dir='ltr'><strong>illa</strong></span> <span class='ocrx_word' id='word_1_36' title='bbox 1122 527 1211 557; x_wconf 91' lang='lat' dir='ltr'><strong>suo</strong></span> <span class='ocrx_word' id='word_1_37' title='bbox 1251 510 1443 557; x_wconf 88' lang='lat' dir='ltr'><strong>lumine</strong></span> <span class='ocrx_word' id='word_1_38' title='bbox 1489 510 1710 557; x_wconf 89' lang='lat' dir='ltr'><strong>inlustris</strong></span> 
     </span>
     <span class='ocr_line' id='line_1_6' title="bbox 214 599 303 639; baseline 0 0"><span class='ocrx_word' id='word_1_39' title='bbox 214 599 303 639; x_wconf 89' lang='lat' dir='ltr'><strong>est.</strong></span> 
     </span>
    </p>

    <p class='ocr_par' dir='ltr' id='par_1_3' title="bbox 299 673 1710 721">
     <span class='ocr_line' id='line_1_7' title="bbox 299 673 1710 721; baseline -0.001 -1"><span class='ocrx_word' id='word_1_40' title='bbox 299 673 477 721; x_wconf 89' lang='lat' dir='ltr'><strong>Studia</strong></span> <span class='ocrx_word' id='word_1_41' title='bbox 499 680 553 721; x_wconf 94' lang='lat' dir='ltr'><strong>te</strong></span> <span class='ocrx_word' id='word_1_42' title='bbox 578 680 666 720; x_wconf 90' lang='lat' dir='ltr'><strong>tua</strong></span> <span class='ocrx_word' id='word_1_43' title='bbox 691 674 878 720; x_wconf 90' lang='lat' dir='ltr'><strong>clarum</strong></span> <span class='ocrx_word' id='word_1_44' title='bbox 903 680 956 720; x_wconf 92' lang='lat' dir='ltr'><strong>et</strong></span> <span class='ocrx_word' id='word_1_45' title='bbox 980 674 1201 720; x_wconf 91' lang='lat' dir='ltr'><strong>nobilem</strong></span> <span class='ocrx_word' id='word_1_46' title='bbox 1226 674 1455 720; x_wconf 88' lang='lat' dir='ltr'><strong>efficient.</strong></span> <span class='ocrx_word' id='word_1_47' title='bbox 1529 673 1710 720; x_wconf 88' lang='lat' dir='ltr'><strong>Exem-</strong></span> 
     </span>
    </p>

    <p class='ocr_par' dir='ltr' id='par_1_4' title="bbox 163 754 1713 1143">
     <span class='ocr_line' id='line_1_8' title="bbox 163 754 1713 819; baseline -0.001 -18"><span class='ocrx_word' id='word_1_48' title='bbox 163 764 192 811; x_wconf 90' lang='lat'><strong>3</strong></span> <span class='ocrx_word' id='word_1_49' title='bbox 216 756 353 818; x_wconf 93' lang='lat' dir='ltr'><strong>plum</strong></span> <span class='ocrx_word' id='word_1_50' title='bbox 407 756 610 819; x_wconf 91' lang='lat' dir='ltr'><strong>Epicuri</strong></span> <span class='ocrx_word' id='word_1_51' title='bbox 662 755 887 802; x_wconf 90' lang='lat' dir='ltr'><strong>referam.</strong></span> <span class='ocrx_word' id='word_1_52' title='bbox 962 754 1087 801; x_wconf 93' lang='lat' dir='ltr'><strong>Cum</strong></span> <span class='ocrx_word' id='word_1_53' title='bbox 1141 755 1414 801; x_wconf 90' lang='lat' dir='ltr'><strong>Idomeneo</strong></span> <span class='ocrx_word' id='word_1_54' title='bbox 1473 755 1713 801; x_wconf 84' lang='lat' dir='ltr'><strong>scriberet</strong></span> 
     </span>
     <span class='ocr_line' id='line_1_9' title="bbox 215 835 1711 899; baseline 0 -16"><span class='ocrx_word' id='word_1_55' title='bbox 215 843 269 883; x_wconf 92' lang='lat' dir='ltr'><strong>et</strong></span> <span class='ocrx_word' id='word_1_56' title='bbox 325 836 467 882; x_wconf 91' lang='lat' dir='ltr'><strong>illum</strong></span> <span class='ocrx_word' id='word_1_57' title='bbox 514 854 543 883; x_wconf 89' lang='lat' dir='ltr'><strong>a</strong></span> <span class='ocrx_word' id='word_1_58' title='bbox 595 840 698 883; x_wconf 91' lang='lat' dir='ltr'><strong>vita</strong></span> <span class='ocrx_word' id='word_1_59' title='bbox 744 840 965 899; x_wconf 90' lang='lat' dir='ltr'><strong>speciosa</strong></span> <span class='ocrx_word' id='word_1_60' title='bbox 1016 835 1080 883; x_wconf 92' lang='lat' dir='ltr'><strong>ad</strong></span> <span class='ocrx_word' id='word_1_61' title='bbox 1127 836 1329 883; x_wconf 90' lang='lat' dir='ltr'><strong>fidelem</strong></span> <span class='ocrx_word' id='word_1_62' title='bbox 1380 835 1711 899; x_wconf 90' lang='lat' dir='ltr'><strong>stabilemque</strong></span> 
     </span>
     <span class='ocr_line' id='line_1_10' title="bbox 213 917 1712 981; baseline -0.001 -16"><span class='ocrx_word' id='word_1_63' title='bbox 213 918 421 981; x_wconf 84' lang='lat' dir='ltr'>gloriam</span> <span class='ocrx_word' id='word_1_64' title='bbox 451 924 723 976; x_wconf 90' lang='lat' dir='ltr'><strong>revocaret,</strong></span> <span class='ocrx_word' id='word_1_65' title='bbox 751 917 941 981; x_wconf 85' lang='lat' dir='ltr'><strong>rigidae</strong></span> <span class='ocrx_word' id='word_1_66' title='bbox 957 918 971 942; x_wconf 84' lang='lat'>¹</span> <span class='ocrx_word' id='word_1_67' title='bbox 996 924 1118 964; x_wconf 91' lang='lat' dir='ltr'><strong>tunc</strong></span> <span class='ocrx_word' id='word_1_68' title='bbox 1143 920 1400 979; x_wconf 89' lang='lat' dir='ltr'><strong>potentiae</strong></span> <span class='ocrx_word' id='word_1_69' title='bbox 1429 920 1712 963; x_wconf 87' lang='lat' dir='ltr'><strong>ministrum</strong></span> 
     </span>
     <span class='ocr_line' id='line_1_11' title="bbox 215 998 1712 1062; baseline -0.001 -16"><span class='ocrx_word' id='word_1_70' title='bbox 215 1005 269 1046; x_wconf 90' lang='lat' dir='ltr'><strong>et</strong></span> <span class='ocrx_word' id='word_1_71' title='bbox 292 1015 475 1062; x_wconf 88' lang='lat' dir='ltr'><strong>magna</strong></span> <span class='ocrx_word' id='word_1_72' title='bbox 499 1005 831 1046; x_wconf 80' lang='lat' dir='ltr'><strong>tractantem:</strong></span> <span class='ocrx_word' id='word_1_73' title='bbox 869 1004 900 1025; x_wconf 89' lang='lat'><strong>“</strong></span> <span class='ocrx_word' id='word_1_74' title='bbox 917 998 969 1045; x_wconf 91' lang='lat' dir='ltr'><strong>Si</strong></span> <span class='ocrx_word' id='word_1_75' title='bbox 993 998 1194 1062; x_wconf 88' lang='lat' dir='ltr'><strong>gloria,&#39;&#39;</strong></span> <span class='ocrx_word' id='word_1_76' title='bbox 1222 1002 1403 1061; x_wconf 83' lang='lat' dir='ltr'><strong>inquit,</strong></span> <span class='ocrx_word' id='word_1_77' title='bbox 1428 1002 1460 1025; x_wconf 90' lang='lat'><strong>“</strong></span> <span class='ocrx_word' id='word_1_78' title='bbox 1474 1001 1712 1060; x_wconf 87' lang='lat' dir='ltr'><strong>tangeris,</strong></span> 
     </span>
     <span class='ocr_line' id='line_1_12' title="bbox 215 1079 1712 1143; baseline -0.001 -16"><span class='ocrx_word' id='word_1_79' title='bbox 215 1085 462 1128; x_wconf 90' lang='lat' dir='ltr'><strong>notiorem</strong></span> <span class='ocrx_word' id='word_1_80' title='bbox 494 1087 546 1127; x_wconf 92' lang='lat' dir='ltr'><strong>te</strong></span> <span class='ocrx_word' id='word_1_81' title='bbox 573 1080 817 1143; x_wconf 85' lang='lat' dir='ltr'><strong>epistulae</strong></span> <span class='ocrx_word' id='word_1_82' title='bbox 850 1097 993 1127; x_wconf 90' lang='lat' dir='ltr'><strong>meae</strong></span> <span class='ocrx_word' id='word_1_83' title='bbox 1017 1079 1206 1127; x_wconf 90' lang='lat' dir='ltr'><strong>facient</strong></span> <span class='ocrx_word' id='word_1_84' title='bbox 1238 1096 1388 1143; x_wconf 90' lang='lat' dir='ltr'><strong>quam</strong></span> <span class='ocrx_word' id='word_1_85' title='bbox 1412 1083 1578 1126; x_wconf 89' lang='lat' dir='ltr'><strong>omnia</strong></span> <span class='ocrx_word' id='word_1_86' title='bbox 1601 1083 1712 1137; x_wconf 83' lang='lat' dir='ltr'><strong>ista,</strong></span> 
     </span>
    </p>

    <p class='ocr_par' dir='ltr' id='par_1_5' title="bbox 162 1160 1742 1795">
     <span class='ocr_line' id='line_1_13' title="bbox 162 1160 1713 1225; baseline -0.003 -13"><span class='ocrx_word' id='word_1_87' title='bbox 162 1167 193 1213; x_wconf 88' lang='lat'>4</span> <span class='ocrx_word' id='word_1_88' title='bbox 215 1179 343 1225; x_wconf 90' lang='lat' dir='ltr'><strong>quae</strong></span> <span class='ocrx_word' id='word_1_89' title='bbox 375 1162 494 1209; x_wconf 91' lang='lat' dir='ltr'><strong>colis</strong></span> <span class='ocrx_word' id='word_1_90' title='bbox 518 1168 573 1209; x_wconf 91' lang='lat' dir='ltr'><strong>et</strong></span> <span class='ocrx_word' id='word_1_91' title='bbox 607 1168 813 1225; x_wconf 91' lang='lat' dir='ltr'><strong>propter</strong></span> <span class='ocrx_word' id='word_1_92' title='bbox 846 1178 975 1224; x_wconf 89' lang='lat' dir='ltr'><strong>quae</strong></span> <span class='ocrx_word' id='word_1_93' title='bbox 1007 1161 1230 1208; x_wconf 88' lang='lat' dir='ltr'><strong>coleris.&#39;’</strong></span> <span class='ocrx_word' id='word_1_94' title='bbox 1302 1160 1561 1224; x_wconf 91' lang='lat' dir='ltr'><strong>Numquid</strong></span> <span class='ocrx_word' id='word_1_95' title='bbox 1593 1177 1713 1224; x_wconf 91' lang='lat' dir='ltr'><strong>ergo</strong></span> 
     </span>
     <span class='ocr_line' id='line_1_14' title="bbox 215 1242 1713 1305; baseline -0.001 -15"><span class='ocrx_word' id='word_1_96' title='bbox 215 1247 458 1290; x_wconf 87' lang='lat' dir='ltr'><strong>mentitus</strong></span> <span class='ocrx_word' id='word_1_97' title='bbox 483 1246 596 1290; x_wconf 89' lang='lat' dir='ltr'><strong>est?</strong></span> <span class='ocrx_word' id='word_1_98' title='bbox 667 1242 792 1300; x_wconf 85' lang='lat' dir='ltr'><strong>Quis</strong></span> <span class='ocrx_word' id='word_1_99' title='bbox 830 1243 1102 1290; x_wconf 90' lang='lat' dir='ltr'><strong>Idomenea</strong></span> <span class='ocrx_word' id='word_1_100' title='bbox 1129 1249 1316 1301; x_wconf 91' lang='lat' dir='ltr'><strong>nosset,</strong></span> <span class='ocrx_word' id='word_1_101' title='bbox 1339 1245 1434 1289; x_wconf 94' lang='lat' dir='ltr'><strong>nisi</strong></span> <span class='ocrx_word' id='word_1_102' title='bbox 1470 1242 1713 1305; x_wconf 87' lang='lat' dir='ltr'><strong>Epicurus</strong></span> 
     </span>
     <span class='ocr_line' id='line_1_15' title="bbox 214 1324 1712 1388; baseline -0.001 -17"><span class='ocrx_word' id='word_1_103' title='bbox 214 1325 356 1371; x_wconf 91' lang='lat' dir='ltr'><strong>illum</strong></span> <span class='ocrx_word' id='word_1_104' title='bbox 381 1325 562 1371; x_wconf 86' lang='lat' dir='ltr'><strong>litteris</strong></span> <span class='ocrx_word' id='word_1_105' title='bbox 587 1328 686 1371; x_wconf 90' lang='lat' dir='ltr'><strong>suis</strong></span> <span class='ocrx_word' id='word_1_106' title='bbox 704 1324 998 1372; x_wconf 89' lang='lat' dir='ltr'><strong>incidisset?</strong></span> <span class='ocrx_word' id='word_1_107' title='bbox 1067 1324 1258 1371; x_wconf 87' lang='lat' dir='ltr'><strong>Omnes</strong></span> <span class='ocrx_word' id='word_1_108' title='bbox 1275 1324 1386 1371; x_wconf 88' lang='lat' dir='ltr'><strong>illos</strong></span> <span class='ocrx_word' id='word_1_109' title='bbox 1410 1328 1712 1388; x_wconf 87' lang='lat' dir='ltr'><strong>megistanas</strong></span> 
     </span>
     <span class='ocr_line' id='line_1_16' title="bbox 215 1406 1712 1470; baseline -0.001 -17"><span class='ocrx_word' id='word_1_110' title='bbox 215 1412 269 1454; x_wconf 89' lang='lat' dir='ltr'><strong>et</strong></span> <span class='ocrx_word' id='word_1_111' title='bbox 293 1413 513 1469; x_wconf 89' lang='lat' dir='ltr'><strong>satrapas</strong></span> <span class='ocrx_word' id='word_1_112' title='bbox 539 1413 592 1453; x_wconf 90' lang='lat' dir='ltr'><strong>et</strong></span> <span class='ocrx_word' id='word_1_113' title='bbox 627 1422 800 1470; x_wconf 90' lang='lat' dir='ltr'><strong>regem</strong></span> <span class='ocrx_word' id='word_1_114' title='bbox 824 1410 1003 1469; x_wconf 89' lang='lat' dir='ltr'><strong>ipsum,</strong></span> <span class='ocrx_word' id='word_1_115' title='bbox 1029 1423 1090 1453; x_wconf 90' lang='lat' dir='ltr'><strong>ex</strong></span> <span class='ocrx_word' id='word_1_116' title='bbox 1125 1422 1224 1469; x_wconf 92' lang='lat' dir='ltr'><strong>quo</strong></span> <span class='ocrx_word' id='word_1_117' title='bbox 1251 1406 1511 1453; x_wconf 90' lang='lat' dir='ltr'><strong>Idomenei</strong></span> <span class='ocrx_word' id='word_1_118' title='bbox 1534 1406 1712 1453; x_wconf 90' lang='lat' dir='ltr'><strong>titulus</strong></span> 
     </span>
     <span class='ocr_line' id='line_1_17' title="bbox 215 1487 1711 1551; baseline -0.001 -17"><span class='ocrx_word' id='word_1_119' title='bbox 215 1489 500 1551; x_wconf 87' lang='lat' dir='ltr'><strong>petebatur,</strong></span> <span class='ocrx_word' id='word_1_120' title='bbox 547 1487 730 1534; x_wconf 90' lang='lat' dir='ltr'><strong>oblivio</strong></span> <span class='ocrx_word' id='word_1_121' title='bbox 775 1488 877 1534; x_wconf 88' lang='lat' dir='ltr'><strong>alta</strong></span> <span class='ocrx_word' id='word_1_122' title='bbox 924 1492 1210 1550; x_wconf 89' lang='lat' dir='ltr'><strong>suppressit.</strong></span> <span class='ocrx_word' id='word_1_123' title='bbox 1306 1487 1504 1534; x_wconf 91' lang='lat' dir='ltr'><strong>Nomen</strong></span> <span class='ocrx_word' id='word_1_124' title='bbox 1553 1487 1711 1533; x_wconf 91' lang='lat' dir='ltr'><strong>Attici</strong></span> 
     </span>
     <span class='ocr_line' id='line_1_18' title="bbox 214 1568 1712 1633; baseline -0.001 -17"><span class='ocrx_word' id='word_1_125' title='bbox 214 1574 376 1633; x_wconf 86' lang='lat' dir='ltr'><strong>perire</strong></span> <span class='ocrx_word' id='word_1_126' title='bbox 436 1569 685 1617; x_wconf 89' lang='lat' dir='ltr'><strong>Ciceronis</strong></span> <span class='ocrx_word' id='word_1_127' title='bbox 733 1569 977 1632; x_wconf 86' lang='lat' dir='ltr'><strong>epistulae</strong></span> <span class='ocrx_word' id='word_1_128' title='bbox 1024 1587 1127 1616; x_wconf 94' lang='lat' dir='ltr'><strong>non</strong></span> <span class='ocrx_word' id='word_1_129' title='bbox 1174 1573 1358 1616; x_wconf 90' lang='lat' dir='ltr'><strong>sinunt.</strong></span> <span class='ocrx_word' id='word_1_130' title='bbox 1459 1568 1593 1615; x_wconf 93' lang='lat' dir='ltr'><strong>Nihil</strong></span> <span class='ocrx_word' id='word_1_131' title='bbox 1640 1568 1712 1614; x_wconf 87' lang='lat' dir='ltr'><strong>illi</strong></span> 
     </span>
     <span class='ocr_line' id='line_1_19' title="bbox 215 1650 1713 1715; baseline -0.001 -18"><span class='ocrx_word' id='word_1_132' title='bbox 215 1652 483 1714; x_wconf 90' lang='lat' dir='ltr'><strong>profuisset</strong></span> <span class='ocrx_word' id='word_1_133' title='bbox 523 1668 682 1715; x_wconf 89' lang='lat' dir='ltr'><strong>gener</strong></span> <span class='ocrx_word' id='word_1_134' title='bbox 728 1650 954 1714; x_wconf 89' lang='lat' dir='ltr'><strong>Agrippa</strong></span> <span class='ocrx_word' id='word_1_135' title='bbox 996 1657 1050 1698; x_wconf 91' lang='lat' dir='ltr'><strong>et</strong></span> <span class='ocrx_word' id='word_1_136' title='bbox 1095 1651 1324 1699; x_wconf 91' lang='lat' dir='ltr'><strong>Tiberius</strong></span> <span class='ocrx_word' id='word_1_137' title='bbox 1370 1666 1619 1713; x_wconf 89' lang='lat' dir='ltr'><strong>progener</strong></span> <span class='ocrx_word' id='word_1_138' title='bbox 1659 1655 1713 1696; x_wconf 89' lang='lat' dir='ltr'><strong>et</strong></span> 
     </span>
     <span class='ocr_line' id='line_1_20' title="bbox 219 1732 1742 1795; baseline -0.003 -15"><span class='ocrx_word' id='word_1_139' title='bbox 219 1733 409 1780; x_wconf 90' lang='lat' dir='ltr'><strong>Drusus</strong></span> <span class='ocrx_word' id='word_1_140' title='bbox 446 1732 625 1780; x_wconf 85' lang='lat' dir='ltr'><strong>Caesar</strong></span> <span class='ocrx_word' id='word_1_141' title='bbox 659 1749 935 1795; x_wconf 87' lang='lat' dir='ltr'><strong>pronepos3</strong></span> <span class='ocrx_word' id='word_1_142' title='bbox 988 1736 1122 1779; x_wconf 91' lang='lat' dir='ltr'><strong>inter</strong></span> <span class='ocrx_word' id='word_1_143' title='bbox 1156 1739 1260 1780; x_wconf 90' lang='lat' dir='ltr'><strong>tam</strong></span> <span class='ocrx_word' id='word_1_144' title='bbox 1295 1747 1478 1794; x_wconf 87' lang='lat' dir='ltr'><strong>magna</strong></span> <span class='ocrx_word' id='word_1_145' title='bbox 1511 1734 1742 1778; x_wconf 84' lang='lat' dir='ltr'><strong>nomina·</strong></span> 
     </span>
    </p>

    <p class='ocr_par' dir='ltr' id='par_1_6' title="bbox 165 1811 1713 2105">
     <span class='ocr_line' id='line_1_21' title="bbox 165 1811 1713 1876; baseline -0.004 -12"><span class='ocrx_word' id='word_1_146' title='bbox 165 1819 194 1864; x_wconf 84' lang='lat'>5</span> <span class='ocrx_word' id='word_1_147' title='bbox 217 1820 485 1873; x_wconf 87' lang='lat' dir='ltr'><strong>taceretur,</strong></span> <span class='ocrx_word' id='word_1_148' title='bbox 509 1816 605 1860; x_wconf 91' lang='lat' dir='ltr'><strong>nisi</strong></span> <span class='ocrx_word' id='word_1_149' title='bbox 640 1813 767 1861; x_wconf 83' lang='lat' dir='ltr'><strong>sibi2</strong></span> <span class='ocrx_word' id='word_1_150' title='bbox 805 1814 977 1861; x_wconf 89' lang='lat' dir='ltr'><strong>Cicero</strong></span> <span class='ocrx_word' id='word_1_151' title='bbox 1009 1814 1151 1860; x_wconf 91' lang='lat' dir='ltr'><strong>illum</strong></span> <span class='ocrx_word' id='word_1_152' title='bbox 1186 1813 1520 1876; x_wconf 87' lang='lat' dir='ltr'><strong>adplicuisset.</strong></span> <span class='ocrx_word' id='word_1_153' title='bbox 1598 1811 1713 1858; x_wconf 91' lang='lat' dir='ltr'><strong>Pro-</strong></span> 
     </span>
     <span class='ocr_line' id='line_1_22' title="bbox 217 1894 1713 1958; baseline -0.002 -16"><span class='ocrx_word' id='word_1_154' title='bbox 217 1894 374 1943; x_wconf 81' lang='lat' dir='ltr'><strong>funda</strong></span> <span class='ocrx_word' id='word_1_155' title='bbox 421 1912 571 1958; x_wconf 89' lang='lat' dir='ltr'><strong>super</strong></span> <span class='ocrx_word' id='word_1_156' title='bbox 621 1911 712 1942; x_wconf 92' lang='lat' dir='ltr'><strong>nos</strong></span> <span class='ocrx_word' id='word_1_157' title='bbox 763 1895 979 1942; x_wconf 89' lang='lat' dir='ltr'><strong>altitudo</strong></span> <span class='ocrx_word' id='word_1_158' title='bbox 1031 1898 1270 1958; x_wconf 71' lang='lat' dir='ltr'><strong>temporis</strong></span> <span class='ocrx_word' id='word_1_159' title='bbox 1323 1897 1510 1952; x_wconf 89' lang='lat' dir='ltr'><strong>veniet,</strong></span> <span class='ocrx_word' id='word_1_160' title='bbox 1555 1909 1713 1956; x_wconf 91' lang='lat' dir='ltr'><strong>pauca</strong></span> 
     </span>
     <span class='ocr_line' id='line_1_23' title="bbox 216 1975 1711 2039; baseline -0.002 -16"><span class='ocrx_word' id='word_1_161' title='bbox 216 1980 420 2039; x_wconf 85' lang='lat' dir='ltr'><strong>ingenia</strong></span> <span class='ocrx_word' id='word_1_162' title='bbox 438 1983 590 2039; x_wconf 90' lang='lat' dir='ltr'><strong>caput</strong></span> <span class='ocrx_word' id='word_1_163' title='bbox 609 1982 818 2023; x_wconf 88' lang='lat' dir='ltr'><strong>exerent</strong></span> <span class='ocrx_word' id='word_1_164' title='bbox 837 1982 892 2024; x_wconf 85' lang='lat' dir='ltr'><strong>et</strong></span> <span class='ocrx_word' id='word_1_165' title='bbox 914 1980 966 2023; x_wconf 92' lang='lat' dir='ltr'><strong>in</strong></span> <span class='ocrx_word' id='word_1_166' title='bbox 986 1976 1119 2023; x_wconf 90' lang='lat' dir='ltr'><strong>idem</strong></span> <span class='ocrx_word' id='word_1_167' title='bbox 1139 1976 1438 2039; x_wconf 87' lang='lat' dir='ltr'><strong>quandoque</strong></span> <span class='ocrx_word' id='word_1_168' title='bbox 1458 1975 1711 2021; x_wconf 89' lang='lat' dir='ltr'><strong>silentium</strong></span> 
     </span>
     <span class='ocr_line' id='line_1_24' title="bbox 216 2057 1561 2105; baseline -0.001 -2"><span class='ocrx_word' id='word_1_169' title='bbox 216 2058 412 2105; x_wconf 86' lang='lat' dir='ltr'><strong>abitura</strong></span> <span class='ocrx_word' id='word_1_170' title='bbox 434 2058 670 2104; x_wconf 92' lang='lat' dir='ltr'><strong>oblivioni</strong></span> <span class='ocrx_word' id='word_1_171' title='bbox 694 2061 930 2105; x_wconf 91' lang='lat' dir='ltr'><strong>resistent</strong></span> <span class='ocrx_word' id='word_1_172' title='bbox 954 2074 1011 2104; x_wconf 91' lang='lat' dir='ltr'><strong>ac</strong></span> <span class='ocrx_word' id='word_1_173' title='bbox 1035 2074 1089 2105; x_wconf 92' lang='lat' dir='ltr'><strong>se</strong></span> <span class='ocrx_word' id='word_1_174' title='bbox 1112 2058 1199 2104; x_wconf 94' lang='lat' dir='ltr'><strong>diu</strong></span> <span class='ocrx_word' id='word_1_175' title='bbox 1223 2057 1561 2104; x_wconf 87' lang='lat' dir='ltr'><strong>vindicabunt.</strong></span> 
     </span>
    </p>
   </div>
   <div class='ocr_carea' id='block_1_3' title="bbox 219 2163 1742 2327">
    <p class='ocr_par' dir='ltr' id='par_1_7' title="bbox 219 2163 1742 2327">
     <span class='ocr_line' id='line_1_25' title="bbox 287 2163 1713 2219; baseline -0.002 -12"><span class='ocrx_word' id='word_1_176' title='bbox 287 2166 302 2190; x_wconf 85' lang='lat'>¹</span> <span class='ocrx_word' id='word_1_177' title='bbox 333 2165 421 2207; x_wconf 91' lang='lat' dir='ltr'><strong>For</strong></span> <span class='ocrx_word' id='word_1_178' title='bbox 455 2166 623 2219; x_wconf 68' lang='lat' dir='ltr'><strong>‘n&#39;yidae</strong></span> <span class='ocrx_word' id='word_1_179' title='bbox 653 2165 834 2219; x_wconf 86' lang='lat' dir='ltr'><strong>Lipsius</strong></span> <span class='ocrx_word' id='word_1_180' title='bbox 867 2165 1088 2218; x_wconf 87' lang='lat' dir='ltr'><strong>proposed</strong></span> <span class='ocrx_word' id='word_1_181' title='bbox 1115 2166 1272 2219; x_wconf 72' lang='lat' dir='ltr'><strong>reyiae,</strong></span> <span class='ocrx_word' id='word_1_182' title='bbox 1305 2163 1442 2205; x_wconf 85' lang='lat' dir='ltr'><strong>“like</strong></span> <span class='ocrx_word' id='word_1_183' title='bbox 1473 2163 1574 2205; x_wconf 86' lang='lat' dir='ltr'><strong>that</strong></span> <span class='ocrx_word' id='word_1_184' title='bbox 1607 2163 1659 2204; x_wconf 89' lang='lat' dir='ltr'><strong>of</strong></span> <span class='ocrx_word' id='word_1_185' title='bbox 1685 2177 1713 2204; x_wconf 84' lang='lat' dir='ltr'><strong>a</strong></span> 
     </span>
     <span class='ocr_line' id='line_1_26' title="bbox 219 2218 1742 2298; baseline 0 -38"><span class='ocrx_word' id='word_1_186' title='bbox 219 2219 343 2298; x_wconf 89' lang='lat' dir='ltr'><strong>king.</strong></span> <span class='ocrx_word' id='word_1_187' title='bbox 352 2219 376 2236; x_wconf 88' lang='lat'><strong>&#39;&#39;</strong></span> <span class='ocrx_word' id='word_1_188' title='bbox 430 2219 537 2261; x_wconf 92' lang='lat' dir='ltr'><strong>This</strong></span> <span class='ocrx_word' id='word_1_189' title='bbox 557 2233 662 2272; x_wconf 85' lang='lat' dir='ltr'><strong>may</strong></span> <span class='ocrx_word' id='word_1_190' title='bbox 681 2219 739 2260; x_wconf 92' lang='lat' dir='ltr'><strong>be</strong></span> <span class='ocrx_word' id='word_1_191' title='bbox 757 2218 836 2260; x_wconf 91' lang='lat' dir='ltr'><strong>the</strong></span> <span class='ocrx_word' id='word_1_192' title='bbox 855 2222 1025 2260; x_wconf 90' lang='lat' dir='ltr'><strong>correct</strong></span> <span class='ocrx_word' id='word_1_193' title='bbox 1044 2218 1241 2272; x_wconf 88' lang='lat' dir='ltr'><strong>reading.</strong></span> <span class='ocrx_word' id='word_1_194' title='bbox 1740 2226 1742 2232; x_wconf 92' lang='lat'>&#39;</span> 
     </span>
     <span class='ocr_line' id='line_1_27' title="bbox 285 2273 875 2327; baseline -0.004 -11.835"><span class='ocrx_word' id='word_1_195' title='bbox 285 2273 411 2315; x_wconf 76' lang='lat' dir='ltr'><strong>23ibi</strong></span> <span class='ocrx_word' id='word_1_196' title='bbox 429 2274 627 2315; x_wconf 89' lang='lat' dir='ltr'><strong>inserted</strong></span> <span class='ocrx_word' id='word_1_197' title='bbox 646 2274 707 2327; x_wconf 89' lang='lat' dir='ltr'><strong>by</strong></span> <span class='ocrx_word' id='word_1_198' title='bbox 727 2273 875 2315; x_wconf 88' lang='lat' dir='ltr'><strong>Gertz.</strong></span> 
     </span>
    </p>
   </div>
   <div class='ocr_carea' id='block_1_4' title="bbox 220 2386 1692 2592">
    <p class='ocr_par' dir='ltr' id='par_1_8' title="bbox 220 2386 1692 2590">
     <span class='ocr_line' id='line_1_28' title="bbox 287 2386 1037 2441; baseline -0.001 -12.931"><span class='ocrx_word' id='word_1_199' title='bbox 287 2388 570 2441; x_wconf 70' lang='lat' dir='ltr'><strong>“Epicurus‚</strong></span> <span class='ocrx_word' id='word_1_200' title='bbox 594 2387 723 2440; x_wconf 89' lang='lat' dir='ltr'><strong>Frag.</strong></span> <span class='ocrx_word' id='word_1_201' title='bbox 751 2389 828 2428; x_wconf 69' lang='lat'><strong>132</strong></span> <span class='ocrx_word' id='word_1_202' title='bbox 850 2386 1037 2428; x_wconf 88' lang='lat' dir='ltr'><strong>Usener.</strong></span> 
     </span>
     <span class='ocr_line' id='line_1_29' title="bbox 286 2439 1692 2493; baseline -0.002 -11"><span class='ocrx_word' id='word_1_203' title='bbox 286 2443 302 2467; x_wconf 77' lang='lat'><em>⁶</em></span> <span class='ocrx_word' id='word_1_204' title='bbox 330 2443 418 2489; x_wconf 44' lang='lat' dir='ltr'><strong>ine,</strong></span> <span class='ocrx_word' id='word_1_205' title='bbox 442 2441 610 2483; x_wconf 90' lang='lat' dir='ltr'><strong>Cicero’</strong></span> <span class='ocrx_word' id='word_1_206' title='bbox 611 2455 632 2482; x_wconf 92' lang='lat' dir='ltr'><strong>s</strong></span> <span class='ocrx_word' id='word_1_207' title='bbox 661 2441 814 2482; x_wconf 90' lang='lat' dir='ltr'><strong>letters</strong></span> <span class='ocrx_word' id='word_1_208' title='bbox 842 2440 920 2481; x_wconf 91' lang='lat' dir='ltr'><strong>did</strong></span> <span class='ocrx_word' id='word_1_209' title='bbox 948 2454 1070 2481; x_wconf 89' lang='lat' dir='ltr'><strong>more</strong></span> <span class='ocrx_word' id='word_1_210' title='bbox 1097 2443 1145 2481; x_wconf 91' lang='lat' dir='ltr'><strong>to</strong></span> <span class='ocrx_word' id='word_1_211' title='bbox 1173 2453 1379 2493; x_wconf 86' lang='lat' dir='ltr'><strong>preserve</strong></span> <span class='ocrx_word' id='word_1_212' title='bbox 1408 2439 1486 2480; x_wconf 90' lang='lat' dir='ltr'><strong>the</strong></span> <span class='ocrx_word' id='word_1_213' title='bbox 1506 2453 1636 2479; x_wconf 90' lang='lat' dir='ltr'><strong>name</strong></span> <span class='ocrx_word' id='word_1_214' title='bbox 1665 2453 1692 2480; x_wconf 94' lang='lat' dir='ltr'><strong>o</strong></span> 
     </span>
     <span class='ocr_line' id='line_1_30' title="bbox 220 2493 1683 2546; baseline -0.002 -10"><span class='ocrx_word' id='word_1_215' title='bbox 220 2495 400 2536; x_wconf 90' lang='lat' dir='ltr'><strong>Atticus</strong></span> <span class='ocrx_word' id='word_1_216' title='bbox 437 2495 547 2536; x_wconf 92' lang='lat' dir='ltr'><strong>than</strong></span> <span class='ocrx_word' id='word_1_217' title='bbox 585 2495 694 2536; x_wconf 91' lang='lat' dir='ltr'><strong>such</strong></span> <span class='ocrx_word' id='word_1_218' title='bbox 733 2509 762 2536; x_wconf 85' lang='lat' dir='ltr'><strong>a</strong></span> <span class='ocrx_word' id='word_1_219' title='bbox 793 2496 1039 2537; x_wconf 88' lang='lat' dir='ltr'><strong>connexion</strong></span> <span class='ocrx_word' id='word_1_220' title='bbox 1080 2493 1187 2535; x_wconf 86' lang='lat' dir='ltr'><strong>with</strong></span> <span class='ocrx_word' id='word_1_221' title='bbox 1219 2493 1298 2534; x_wconf 90' lang='lat' dir='ltr'><strong>the</strong></span> <span class='ocrx_word' id='word_1_222' title='bbox 1335 2493 1535 2546; x_wconf 84' lang='lat' dir='ltr'><strong>imperial</strong></span> <span class='ocrx_word' id='word_1_223' title='bbox 1573 2493 1683 2534; x_wconf 88' lang='lat' dir='ltr'><strong>hous</strong></span> 
     </span>
     <span class='ocr_line' id='line_1_31' title="bbox 220 2549 1627 2592; baseline 0.001 -3"><span class='ocrx_word' id='word_1_224' title='bbox 220 2549 366 2590; x_wconf 90' lang='lat' dir='ltr'><strong>would</strong></span> <span class='ocrx_word' id='word_1_225' title='bbox 385 2549 499 2590; x_wconf 86' lang='lat' dir='ltr'><strong>have</strong></span> <span class='ocrx_word' id='word_1_226' title='bbox 518 2549 648 2592; x_wconf 90' lang='lat' dir='ltr'><strong>done.</strong></span> <span class='ocrx_word' id='word_1_227' title='bbox 1623 2566 1627 2574; x_wconf 78' lang='grc'><strong>·-</strong></span> 
     </span>
    </p>
   </div>
   <div class='ocr_carea' id='block_1_5' title="bbox 224 2620 317 2662">
    <p class='ocr_par' dir='ltr' id='par_1_9' title="bbox 224 2620 317 2662">
     <span class='ocr_line' id='line_1_32' title="bbox 224 2620 317 2662; baseline -0.011 0"><span class='ocrx_word' id='word_1_228' title='bbox 224 2620 317 2662; x_wconf 80' lang='lat'><strong>142</strong></span> 
     </span>
    </p>
   </div>
  </div>
 </body>
</html>
