1742 2872
497 116 644 163 THE
679 116 999 165 EPISTLES
1037 116 1126 164 OF
1162 115 1427 164 SENECA

217 230 271 271 et
301 227 503 282 invicta,
528 231 752 271 mutatur
776 241 870 271 nec
893 224 1028 271 idem
1053 230 1238 271 manet.
1311 222 1550 282 Quamvis
1575 226 1709 271 enim

1735 157 1742 211 ἑ

120 337 143 341 —ss
216 311 382 354 omnia
410 312 462 354 in
497 325 550 356 se
588 308 787 367 habeat,
811 325 939 371 quae
975 307 1167 365 habuit,
1192 307 1338 354 aliter
1372 307 1527 354 habet
1561 324 1708 370 quam

131 395 192 440 25
218 392 423 449 habuit3
459 393 684 440 ordinem
709 399 886 440 mutat.

301 477 485 536 “Quid
520 477 663 536 ista,’'
701 480 883 541 inquis,
915 477 1085 523 “mihi
1123 477 1372 524 subtilitas
1408 476 1708 540 proderit?’'

218 561 269 608 Si
310 578 392 608 me
439 565 733 625 interrogas,
781 561 919 609 nihil.
1008 561 1109 608 Sed
1157 561 1580 625 quemadmodum
1627 560 1712 608 ille

218 646 435 693 caelator
481 646 650 694 oculos
708 647 794 694 diu
841 650 1066 693 intentos
1112 662 1170 692 ac
1214 645 1453 708 fatigatos
1499 648 1713 693 remittit

216 738 370 794 atque
395 738 570 778 avocat
594 737 664 789 et,
690 738 746 778 ut
771 731 870 778 dici
895 730 1040 788 solet,
1066 734 1254 793 pascit3
1291 733 1360 776 sic
1383 746 1474 777 nos
1492 733 1714 776 animum

217 815 485 879 aliquando
533 815 777 863 debemus
811 815 1033 862 relaxare
1071 821 1125 861 et
1162 813 1459 877 quibusdam
1494 813 1715 861 oblecta-

217 904 402 948 mentis
471 900 688 947 reficere.
796 899 898 947 Sed
961 903 1068 962 ipsa
1131 898 1504 944 oblectamenta
1565 914 1715 961 opera

219 988 333 1032 sint.
407 985 483 1031 Ex
525 984 601 1031 his
637 1000 854 1048 quoque,
890 987 930 1031 si
972 984 1326 1041 observaveris,
1363 998 1545 1040 sumes,
1581 983 1742 1055 quod}

133 1076 194 1123 26
219 1073 375 1133 possit
406 1069 511 1116 fieri
548 1069 777 1116 salutare.
855 1069 968 1115 Hoc
1004 1084 1117 1131 ego,
1148 1067 1326 1125 Lucili,
1352 1066 1515 1114 facere
1551 1058 1742 1140 solem}

219 1170 280 1201 ex
313 1157 449 1200 omni
486 1153 728 1211 notione,1
763 1157 918 1200 etiam
945 1155 986 1199 si
1018 1169 1047 1198 a
1082 1150 1396 1214 philosophia
1427 1144 1742 1221 longissime}

216 1254 388 1286 aversa
436 1244 531 1295 est,
579 1254 754 1285 eruere
801 1236 989 1300 aliquid
1036 1252 1186 1282 conor
1233 1241 1287 1283 et
1333 1235 1458 1282 utile
1506 1236 1714 1284 efficere.

219 1322 356 1381 Quid
414 1325 539 1380 istis,
592 1339 720 1385 quae
768 1321 918 1368 modo
971 1312 1310 1377 tractavimus,
1362 1319 1638 1366 remotius2
1689 1336 1742 1401 ⁸4

218 1407 573 1454 reformatione
637 1423 829 1452 morum
858 1408 876 1452 ?
979 1404 1245 1462 Quomodo
1315 1404 1573 1451 meliorem
1637 1415 1742 1452 me*

219 1492 383 1538 facere
436 1491 580 1537 ideae
642 1489 948 1536 Platonicae
980 1490 1224 1552 possunt?
1317 1487 1454 1546 Quid
1502 1504 1564 1535 ex
1611 1487 1737 1536 istis'

221 1575 430 1633 traham,
456 1574 591 1638 quod
616 1574 919 1637 cupiditates
947 1589 1084 1620 meas
1117 1572 1431 1634 conprimat?
1502 1571 1594 1618 Vel
1624 1572 1719 1619 hoc

218 1665 398 1724 ipsum,
422 1659 555 1723 quod
593 1663 759 1705 omnia
782 1663 894 1716 ista,
918 1674 1046 1721 quae
1072 1657 1298 1704 sensibus
1327 1660 1567 1715 serviunt,
1590 1673 1725 1720 quae¹

220 1761 310 1792 nos
345 1743 631 1791 accendunt
666 1749 720 1790 et
754 1746 982 1801 inritant,
1010 1748 1167 1804 negat
1206 1741 1346 1787 Plato
1383 1757 1444 1787 ex
1481 1740 1556 1788 his
1592 1757 1719 1800 esse,

135 1839 194 1888 27
220 1846 349 1893 quae
397 1845 513 1876 vere
555 1831 668 1875 sint.
743 1828 876 1890 Ergo
923 1830 1018 1874 ista
1058 1829 1349 1889 imaginaria
1396 1831 1514 1872 sunt
1555 1831 1610 1872 et
1654 1824 1730 1872 ad

221 1921 421 1977 tempus
467 1913 683 1976 aliquam
718 1912 898 1959 faciem
933 1910 1120 1969 ferunt,
1156 1910 1282 1956 nihil
1327 1909 1501 1956 horum
1538 1910 1718 1957 stabile

221 2015 316 2046 nec
351 1997 566 2044 solidum
602 2003 709 2053 est3
763 2003 816 2043 et
850 2012 940 2043 nos
977 2002 1148 2042 tamen
1184 1997 1427 2057 cupimus,
1463 1999 1716 2057 tamquam

222 2089 310 2130 aut
334 2098 532 2144 semper
556 2081 724 2127 futura
747 2086 835 2127 aut
860 2095 1059 2142 semper
1082 2079 1314 2125 habituri.

311 2165 540 2214 Inbecilli
582 2164 853 2228 fluvidique
891 2167 1025 2211 inter
1060 2180 1186 2210 vana
1228 2162 1605 2218 constitimus33
1654 2150 1725 2210 ad¹

294 2298 308 2324 ¹
337 2298 508 2339 notione
523 2297 651 2349 (corr.
673 2296 787 2335 from
803 2294 996 2346 natione)
1012 2292 1075 2341 P;
1103 2294 1278 2333 ‘natione
1299 2291 1401 2344 pr
1419 2308 1430 2338 ς
1458 2291 1626 2332 ratione
1646 2290 1690 2331 V
1705 2282 1725 2338 ς’

226 2353 420 2395 oratione
438 2351 551 2391 later
572 2348 698 2390 MSS.
1022 2386 1028 2393 ,

292 2406 309 2431 2
335 2405 540 2447 remotius
559 2403 774 2456 Madvig;
801 2402 974 2443 remotis
995 2400 1125 2442 MSS.

294 2461 310 2485 ³
338 2461 451 2501 inter
476 2472 592 2499 vana
611 2457 876 2498 constitimus
904 2455 1070 2502 Gertz;
1098 2455 1212 2495 inter
1229 2453 1348 2495 valla
1375 2453 1443 2497 (or
1471 2451 1717 2504 intervalla)

226 2514 522 2558 constituimus
543 2511 672 2553 MSS.

229 2586 325 2628 402
