1742 2872
513 144 660 191 THE
697 145 1017 193 EPISTLES
1054 146 1144 193 OF
1180 145 1446 193 SENECA

172 305 195 310 h
229 253 365 317 quod
420 253 578 310 solet3
649 253 913 300 advocabit
967 254 1075 300 illas
1123 254 1345 312 facetias,
1391 270 1519 317 quae
1572 257 1723 301 risum

229 347 434 378 evocare
471 332 762 394 lugentibus
797 338 1022 394 possunt,
1048 338 1102 379 et
1124 335 1176 378 in
1203 349 1255 379 se
1281 335 1512 395 primum,
1537 332 1724 379 deinde

227 412 279 455 in
326 426 416 456 nos
474 410 730 456 iocabitur.
856 409 1058 467 Omnia,
1117 426 1245 472 quae
1311 409 1535 456 dicturus
1597 426 1724 468 sum,

226 487 503 548 occupabit.
600 485 915 533 Scrutabitur
961 486 1153 533 scholas
1199 493 1392 534 nostras
1440 493 1492 533 et
1539 488 1724 534 obiciet

226 563 535 627 philosophis
561 568 827 628 congiaria,
846 568 1044 621 amicas,
1064 564 1246 627 gulam.
1322 564 1577 611 Ostendet
1599 564 1724 612 mihi

225 641 379 688 alium
414 645 468 688 in
502 642 767 700 adulterio,
803 641 956 688 alium
992 646 1044 688 in
1080 645 1282 705 popina,
1317 642 1471 688 alium
1506 645 1559 688 in
1594 642 1718 690 aula.

174 721 203 768 6
228 719 484 766 Ostendet
516 719 639 765 mihi
677 719 746 765 M.
782 719 996 781 Lepidi1
1030 718 1385 782 philosophum
1418 720 1723 778 Aristonem,

226 800 311 860 qui
336 800 389 843 in
413 800 697 860 gestatione
723 796 1013 844 disserebat.
1111 797 1226 843 Hoc
1251 800 1387 843 enim
1411 797 1475 843 ad
1500 797 1722 844 edendas

224 890 399 936 operas
454 880 654 936 tempus
707 881 982 936 acceperat.
1092 874 1171 921 De
1219 877 1358 920 cuius
1418 880 1555 921 secta
1607 891 1720 921 cum

223 958 564 1014 quaereretur,
584 951 795 998 Scaurus
820 955 919 997 ait:
958 956 990 978 “
1008 951 1200 1014 Utique
1236 951 1599 1013 Peripateticus
1618 969 1719 999 non

223 1030 347 1076 est.'’
422 1029 501 1076 De
527 1029 707 1076 eodem
731 1046 845 1076 cum
874 1029 1219 1076 consuleretur
1245 1029 1400 1076 Iulius
1427 1029 1718 1088 Graecinus,

222 1111 296 1155 vir
337 1111 586 1170 egregius,
623 1107 745 1171 quid
786 1111 1016 1165 sentiret,
1058 1113 1087 1134 “
1106 1107 1220 1153 Non
1260 1107 1510 1170 possum,”
1539 1111 1718 1171 inquit,

222 1186 362 1232 “tibi
399 1185 597 1241 dicere3
649 1188 816 1232 nescio
855 1187 1007 1242 enim,
1046 1184 1169 1247 quid
1210 1184 1274 1231 de
1318 1184 1476 1247 gradu
1518 1184 1715 1244 faciat,'’

170 1262 196 1311 7
220 1269 476 1326 tamquam
523 1262 587 1309 de
636 1262 885 1310 essedario
931 1265 1339 1325 interrogaretur.
1438 1262 1547 1309 Hos
1594 1263 1717 1310 mihi

220 1341 556 1398 circulatores,
581 1344 665 1403 qui
694 1339 1062 1403 philosophiam
1088 1338 1347 1387 honestius
1372 1340 1716 1403 neglexissent

218 1434 368 1481 quam
392 1418 638 1475 vendunt,
665 1421 715 1463 in
741 1417 923 1464 faciem
956 1421 1168 1480 ingeret.
1261 1417 1512 1465 Constitui
1543 1424 1715 1466 tamen

218 1495 546 1542 contumelias
587 1498 785 1558 perpeti
804 1511 816 1551 ;
874 1500 1074 1541 moveat
1114 1494 1201 1541 ille
1243 1494 1366 1541 mihi
1407 1499 1577 1554 risum,
1619 1497 1724 1559 egoi

216 1572 426 1620 fortasse
450 1572 523 1619 illi
548 1572 774 1619 lacrimas
799 1571 1028 1630 movebo,
1053 1577 1142 1618 aut
1167 1575 1207 1618 si
1232 1572 1395 1619 ridere
1428 1590 1714 1635 persevera-

215 1651 307 1708 bit,
355 1650 586 1713 gaudebo
632 1656 889 1712 tamquam
935 1652 988 1695 in
1035 1649 1194 1707 malis,
1242 1649 1377 1712 quod
1424 1650 1496 1696 illi
1552 1666 1729 1713 genus*

214 1731 435 1775 insaniae
460 1727 617 1774 hilare
642 1730 924 1789 contigerit.
1016 1725 1116 1772 Sed
1140 1742 1243 1772 non
1269 1732 1347 1773 est
1371 1730 1467 1774 ista
1490 1726 1718 1774 hilaritas⁴

214 1805 377 1869 longa.
486 1805 740 1861 Observa;
798 1804 991 1850 videbis
1039 1803 1244 1850 eosdem
1292 1807 1423 1851 intra
1471 1807 1655 1868 exiguu

162 1890 192 1935 8
212 1889 414 1945 tempus
437 1885 676 1929 acerrime
701 1880 865 1928 ridere
885 1887 939 1928 et
955 1884 1194 1928 acerrime
1220 1881 1407 1928 rabere.
1485 1881 1687 1944 Proposi
1737 1908 1742 1924 .

211 1967 320 2007 tum
357 1967 436 2008 est
479 1959 688 2023 adgredi
734 1959 877 2005 illum
914 1964 967 2006 et
1002 1958 1287 2016 ostendere,
1323 1965 1512 2022 quanto
1554 1959 1683 2022 pluri

210 2037 379 2095 fuerit,
415 2054 566 2101 quom
614 2036 785 2083 multis
827 2039 1030 2082 minoris
1067 2035 1334 2083 videretur.
1430 2036 1565 2082 Vitia
1602 2039 1684 2083 eiu

211 2118 364 2162 etiam
400 2118 440 2162 si
473 2131 574 2161 non
608 2114 857 2171 excidero,
890 2112 1160 2168 inhibebo;
1196 2129 1299 2158 non
1332 2113 1584 2171 desinent,
1618 2130 1670 2160 se

276 2231 291 2257 ¹
319 2232 475 2285 Lepidi
503 2231 715 2272 Erasmus
745 2230 879 2282 (from
907 2243 965 2270 an
994 2229 1222 2270 unknown
1251 2228 1400 2283 MS.);
1430 2230 1620 2283 lepidum
1650 2243 1676 2270 a

208 2285 373 2326 known
394 2284 523 2327 MSS.

272 2441 294 2460 ⁰
321 2433 416 2474 The
435 2433 672 2474 essedarim
690 2430 852 2485 fought
872 2431 987 2472 from
1013 2445 1041 2472 a
1060 2445 1148 2474 car.
1209 2430 1355 2472 When
1375 2431 1444 2472 his
1464 2431 1650 2472 adversa

206 2487 360 2528 forced
379 2487 472 2528 him
491 2490 571 2528 out
590 2486 642 2527 of
666 2486 734 2527 his
754 2500 844 2533 car,
867 2486 924 2526 he
943 2499 1034 2526 was
1053 2485 1303 2538 compelled
1320 2488 1369 2527 to
1397 2487 1607 2527 continue
1626 2489 1645 2526 t
1688 2532 1691 2534 ,

206 2540 322 2594 fight
341 2555 399 2582 on
419 2542 532 2590 foot,
552 2540 644 2582 like
663 2554 721 2581 an
740 2539 967 2581 unhorsed
985 2539 1161 2593 knight.

208 2606 305 2653 206
