1742 2872
390 142 535 189 THE
571 141 890 189 EPISTLES
928 142 1017 189 OF
1053 141 1319 188 SENECA

55 256 82 302 3
108 251 281 309 fertur,
318 256 420 298 vita
455 255 759 298 transcurrit.
835 251 1034 308 Omnia,
1067 251 1244 308 Lucili,
1268 250 1431 297 aliena
1467 256 1601 306 sunt,

107 338 307 394 tempus
354 338 553 379 tantum
595 338 821 378 nostrum
869 338 958 378 est.
1035 332 1094 377 In
1147 332 1294 378 huius
1334 335 1407 378 rei
1454 334 1601 376 unius

106 411 296 475 fugacis
321 429 378 458 ac
402 413 621 459 lubricae
651 410 1013 475 possessionem
1044 419 1222 459 natura
1246 429 1335 458 nos
1361 416 1512 468 misit,
1539 427 1600 457 ex

105 509 205 557 qua
252 493 462 556 expellit
514 497 816 557 quicumque
875 494 996 540 vult.
1071 495 1138 541 Et
1185 500 1327 540 tanta
1386 493 1602 540 stultitia

106 574 391 621 mortalium
430 581 524 632 est,
560 581 617 621 ut
664 591 792 638 quae
840 579 1044 621 minima
1091 582 1144 622 et
1191 576 1426 622 vilissima
1468 580 1600 631 sunt,

106 661 244 702 certe
292 656 601 718 reparabilia,
649 660 885 719 imputari
932 658 1042 714 sibi,
1089 673 1201 703 cum
1250 660 1601 719 impetravere,

105 741 395 799 patiantur3
435 754 585 785 nemo
632 754 685 784 se
733 738 924 785 iudicet
958 742 1224 801 quicquam
1273 739 1476 794 debere,
1515 739 1599 799 qui

104 823 306 880 tempus
334 822 546 881 accepit,
572 836 686 865 cum
717 820 919 865 interim
950 819 1044 866 hoc
1078 836 1233 866 unum
1259 826 1352 877 est,
1377 818 1511 882 quod
1536 834 1600 863 ne

105 905 276 961 gratus
301 899 506 962 quidem
530 906 700 962 potest
723 900 949 947 reddere.

53 988 83 1033 4
193 979 530 1043 Interrogabis
566 981 791 1039 fortasse,
840 981 961 1044 quid
1009 999 1104 1046 ego
1145 982 1339 1040 faciam,
1375 985 1460 1045 qui
1508 980 1600 1027 tibi

105 1065 202 1108 ista
237 1066 501 1124 praecipio.
577 1063 793 1109 Fatebor
827 1067 1081 1126 ingenue:
1118 1063 1254 1127 quod
1288 1063 1421 1126 apud
1457 1063 1600 1108 luxu-

106 1145 290 1188 riosum
321 1143 411 1190 sed
440 1144 742 1207 diligentem
772 1148 960 1202 evenit,
996 1149 1122 1191 ratio
1152 1145 1276 1192 mihi
1305 1150 1502 1191 constat
1526 1146 1599 1189 in-

107 1240 306 1286 pensae.
387 1225 499 1271 Non
526 1242 726 1288 possum
754 1242 835 1272 me
860 1225 1028 1273 dicere
1047 1227 1062 1256 1
1085 1227 1210 1273 nihil
1248 1227 1476 1289 perdere,
1511 1223 1599 1270 sed

105 1305 227 1367 quid
274 1306 481 1368 perdam
529 1313 583 1353 et
624 1323 777 1370 quare
816 1314 869 1354 et
916 1308 1355 1371 quemadmodum,
1403 1307 1600 1362 dicam3

106 1402 276 1433 causas
312 1392 624 1449 paupertatis
664 1405 807 1435 meae
844 1388 1069 1447 reddam,
1106 1389 1195 1436 sed
1243 1392 1413 1436 evenit
1459 1387 1600 1444 mihi,

105 1467 240 1530 quod
276 1468 528 1531 plerisque
565 1485 666 1515 non
714 1485 803 1516 suo
839 1473 960 1516 vitio
995 1470 1060 1517 ad
1085 1474 1303 1533 inopiam
1350 1469 1597 1517 redactis:

105 1565 279 1595 omnes
302 1553 588 1612 ignoscunt,
612 1567 762 1597 nemo
788 1555 1042 1598 succurrit.

52 1642 80 1687 5
190 1629 326 1687 Quid
352 1648 472 1694 ergo
492 1633 607 1678 est?
681 1633 796 1678 Non
820 1638 944 1694 puto
970 1649 1258 1695 pauperem,
1278 1637 1358 1680 cui
1383 1639 1598 1696 quantu-

105 1710 425 1775 lumcumque
452 1719 696 1775 superest,
715 1719 792 1760 sat
817 1719 906 1760 est.
982 1713 1057 1760 Tu
1082 1721 1254 1761 tamen
1277 1714 1408 1760 malo
1433 1730 1599 1761 serves

103 1798 206 1850 tua,
242 1799 296 1840 et
330 1794 462 1840 bono
499 1800 726 1856 tempore
768 1798 989 1856 incipieS.
1066 1795 1195 1841 Nam
1231 1802 1287 1842 ut
1324 1800 1482 1842 visum
1518 1801 1596 1842 est

103 1875 371 1922 maioribus
419 1879 618 1932 nostris,
667 1892 775 1922 sera
833 1880 1130 1938 parsimonia
1176 1881 1228 1923 in
1287 1877 1444 1924 fundo
1503 1883 1594 1924 est.

106 1953 220 2000 Non
257 1959 391 2000 enim
428 1961 626 2002 tantum
663 1959 927 2003 minimum
962 1960 1014 2003 in
1050 1961 1166 2015 imo,
1202 1958 1291 2004 sed
1326 1961 1597 2021 pessimum

104 2041 344 2081 remanet.
422 2035 466 2079 V
470 2052 571 2082 ALE.

194 2130 206 2154 ¹
237 2145 302 2172 me
321 2132 458 2173 dicere
480 2131 636 2172 Hense
653 2149 664 2180 ;
694 2133 831 2174 dicere
849 2147 916 2174 me
934 2146 985 2174 or
1003 2133 1141 2175 dicero
1159 2134 1270 2176 nihil
1287 2149 1353 2176 me
1372 2134 1503 2177 MSS.

447 2234 468 2253 α
497 2225 686 2273 Hesiod‚
711 2226 863 2269 Works
882 2229 975 2270 and
992 2229 1130 2283 Bam,
1151 2232 1247 2272 369.
