1742 2872
505 120 652 167 THE
688 120 1008 168 EPISTLES
1044 119 1134 167 OF
1170 119 1434 167 SENECA

223 228 309 274 illa
333 232 591 275 mittamus
622 233 861 286 animum,
885 245 1013 291 quae
1042 234 1247 275 aeterna
1272 234 1400 274 sunt.
1476 227 1717 273 Miremur

130 337 154 342 μ-
223 305 275 348 ἰῐι
300 302 499 348 sublimi
532 302 800 349 volitantes
824 318 990 349 rerum
1013 306 1235 348 omnium
1260 301 1440 347 formas
1465 300 1716 363 deumque

223 379 357 423 inter
407 375 492 422 illa
545 382 827 423 versantem
874 381 928 422 et
979 375 1074 422 hoc
1133 375 1497 437 providentem,
1543 390 1716 437 quem-

223 449 492 496 admodum
541 466 668 512 quae
710 449 989 496 inmortalia
1026 449 1190 496 facere
1237 465 1338 495 non
1385 452 1566 511 potuit,
1602 451 1718 510 quia

226 526 433 570 materia
482 523 795 586 prohibebat,
843 522 1088 570 defendat
1139 540 1167 568 a
1213 528 1373 568 morte
1421 539 1478 568 ac
1525 525 1717 569 ratione

141 600 201 646 28
225 600 402 644 vitium
443 601 658 659 corporis
701 601 878 644 vincat.
955 597 1167 644 Manent
1214 600 1348 643 enim
1385 602 1582 653 cuncta,
1618 612 1717 642 non

224 674 340 734 quia
354 677 561 718 aeterna
578 678 712 728 sunt,
732 670 820 718 sed
841 674 956 734 quia
971 670 1317 717 defenduntur
1334 686 1451 716 cura
1466 674 1687 732 regentis
1705 686 1718 726 ;

226 745 505 790 inmortalia
558 751 724 791 tutore
779 761 880 791 non
939 751 1163 808 egerent.
1257 744 1399 790 Haec
1457 750 1717 790 conservat

222 818 403 864 artifex
439 818 766 881 fragilitatem
811 822 1050 865 materiae
1090 822 1135 864 vi
1172 835 1259 865 sua
1300 821 1515 865 vincens,
1591 818 1718 863 Con-

225 897 506 939 temnamus
554 897 735 950 omnia,
772 908 899 955 quae
940 892 1067 938 adeo
1104 895 1319 954 pretiosa
1354 908 1454 937 non
1491 897 1624 949 sunt,
1663 898 1718 938 ut

142 967 202 1015 29
223 982 287 1011 an
311 968 413 1012 sint
443 969 662 1023 omnino,
687 966 895 1012 dubium
921 969 997 1013 sit.
1077 965 1206 1012 Illud
1242 965 1388 1011 simul
1421 969 1717 1027 cogitemus,

223 1042 263 1085 si
299 1039 540 1085 mundum
578 1044 756 1102 ipsum,
792 1056 894 1085 non
934 1043 1099 1086 minus
1139 1039 1401 1085 mortalem
1443 1055 1591 1101 quam
1627 1055 1717 1086 nos

223 1128 407 1170 sumus,
427 1113 741 1175 providentia
765 1114 997 1176 periculis
1022 1116 1212 1170 eximit,
1234 1129 1376 1175 posse
1401 1113 1717 1175 aliquatenus

223 1193 391 1233 nostra
414 1203 613 1250 quoque
638 1187 953 1250 providentia
978 1187 1254 1249 longiorem
1287 1190 1536 1249 prorogari
1554 1186 1569 1216 ¹
1600 1186 1716 1233 huic

222 1260 513 1322 corpusculo
549 1277 754 1319 moram,
790 1265 830 1307 si
866 1261 1167 1324 voluptates,
1202 1261 1381 1324 quibus
1417 1277 1528 1323 pars
1563 1264 1742 1315 maior}

139 1343 202 1391 30
223 1337 370 1396 perit,
394 1338 702 1397 potuerimus
731 1351 907 1398 regere
933 1341 986 1382 et
1022 1350 1264 1381 coercere.
1341 1334 1482 1381 Plato
1516 1338 1622 1398 ipse
1652 1334 1715 1382 ad
1738 1318 1742 1385 l

222 1414 540 1455 senectutem
591 1425 645 1456 se
704 1409 968 1472 diligentia
1015 1408 1236 1471 protulit.
1333 1408 1454 1455 Erat
1511 1408 1718 1472 quidem
1736 1403 1742 1486 f

220 1497 396 1544 corpus
422 1481 640 1528 validum
665 1499 722 1529 ac
741 1482 870 1530 forte
896 1486 1099 1529 sortitus
1123 1488 1177 1530 et
1201 1482 1273 1528 illi
1296 1498 1482 1528 nomen
1500 1482 1715 1529 latitudo

223 1559 436 1616 pectoris
462 1555 667 1614 fecerat,
693 1556 782 1603 sed
806 1560 1150 1620 navigationes
1173 1573 1231 1603 ac
1256 1556 1476 1619 pericula
1498 1556 1714 1603 multum

220 1628 541 1676 detraxerant
594 1631 807 1686 viribus;
866 1634 1162 1693 parsimonia
1208 1636 1380 1677 tamen
1427 1636 1481 1677 et
1526 1627 1736 1694 eorum,ff

219 1718 347 1765 quae
371 1703 666 1750 aviditatem
690 1711 917 1762 evocant,
935 1704 1112 1751 modus
1137 1710 1190 1751 et
1214 1704 1429 1767 diligens
1453 1707 1527 1750 sui
1552 1704 1734 1751 tutela}

220 1776 456 1838 perduxit
491 1777 633 1823 illum
668 1777 733 1824 ad
773 1784 1091 1825 senectutem
1127 1778 1297 1825 multis
1333 1771 1733 1840 prohibentibus?

135 1855 194 1900 31
219 1853 389 1897 causis.
470 1851 594 1897 Nam
624 1851 718 1898 hoc
743 1856 853 1910 scis,
879 1858 1018 1914 puto,
1049 1852 1240 1899 Platoni
1277 1852 1571 1914 diligentiae
1595 1867 1713 1899 suae

222 1923 464 1970 beneficio
516 1929 804 1988 contigisse,
856 1925 991 1988 quod
1043 1925 1197 1972 natali
1250 1942 1339 1972 suo
1391 1925 1608 1972 decessit
1661 1932 1714 1972 et

215 2013 402 2044 annum
435 2015 589 2045 unum
620 2005 773 2062 atque
805 1999 1443 2062 octogensimum,inplevit
1475 2002 1580 2047 sine
1614 2000 1727 2046 ulla

215 2070 534 2120 deductione.
628 2072 748 2119 Ideo
794 2077 944 2135 magi,
990 2076 1073 2135 qui
1117 2072 1247 2120 forte
1296 2072 1512 2119 Athenis
1553 2080 1725 2132 erant,

285 2166 298 2192 ¹
330 2166 526 2221 Perhaps
558 2181 623 2208 we
651 2168 796 2221 ought
823 2172 870 2210 to
900 2169 1021 2215 read,
1044 2168 1150 2210 with
1182 2168 1432 2215 Rossbach,
1456 2183 1533 2210 nos
1560 2162 1724 2223 nosco-al

216 2234 377 2275 quoque
392 2222 669 2276 providentia
689 2223 923 2276 bonyiorem
948 2237 1200 2277 proroyare.
1262 2222 1303 2265 O
1322 2223 1413 2263 and
1434 2223 1463 2264 b
1481 2225 1583 2277 give
1607 2238 1723 2288 pro-¹

217 2289 384 2328 royare.
1531 2304 1540 2309 ..
1719 2293 1722 2326 l

280 2411 300 2429 ‘²
330 2403 555 2456 Diogenes
592 2403 812 2451 Laertius,
843 2406 902 2446 iii.
944 2407 981 2450 1,
1013 2404 1114 2445 who
1147 2405 1324 2446 records
1358 2404 1452 2446 also
1481 2405 1610 2446 other
1637 2420 1710 2447 ex-

217 2457 466 2509 planations
500 2458 551 2498 of
583 2458 661 2499 the
691 2472 822 2499 name
853 2459 998 2506 Plato,
1041 2458 1184 2500 which
1219 2459 1426 2512 replaced
1465 2459 1543 2500 the
1576 2462 1706 2513 given

218 2524 348 2551 name
367 2510 626 2553 Aristocles.

221 2582 317 2622 404·
