1742 2872
466 161 613 210 THE
649 162 969 211 EPISTLES
1005 162 1096 211 OF
1131 162 1397 211 SENECA

138 270 392 318 ”Ferrum
418 276 547 319 circa
571 290 626 321 se
651 268 706 320 'et
728 277 874 336 ignes
907 274 1063 322 habet
1096 281 1150 322 et
1175 281 1378 322 catenas
1403 281 1458 322 et
1480 275 1679 321 turbam

132 363 163 409 5
185 360 418 419 ferarum,
450 378 600 424 quam
633 365 686 408 in
719 366 907 409 viscera
938 366 1166 410 inmittat
1198 363 1429 410 humana.
1503 363 1680 425 Cogita

183 448 414 495 hocloco
446 466 696 496 carcerem
729 457 783 497 et
815 467 986 497 cruces
1019 457 1073 497 et
1106 451 1305 497 eculeos
1338 457 1391 497 et
1415 467 1602 497 uncum
1626 457 1680 498 et

184 536 420 583 adactum
443 554 535 600 per
547 538 773 585 medium
797 538 1072 597 hominem,
1091 543 1177 602 qui
1196 556 1287 602 per
1306 556 1360 586 os
1379 545 1679 603 emergeret,

183 628 410 687 stipitem
435 632 490 673 et
513 626 753 674 distracta
775 630 829 672 in
853 627 1105 674 diversum
1129 632 1252 675 actis
1277 629 1499 675 curribus
1522 645 1679 675 mem-

183 713 287 770 bra,
323 713 461 760 illam
499 718 722 760 tunicam
764 714 1017 762 alimentis
1058 719 1251 778 ignium
1293 723 1347 762 et
1388 716 1584 763 inlitam
1626 721 1680 762 et
1738 759 1742 773 ⁴

183 809 394 860 textam,
431 809 484 850 et
531 803 770 867 quicquid
817 803 954 850 aliud
994 810 1196 866 praeter
1233 804 1358 851 haec
1396 811 1681 852 commenta
1740 812 1742 823 ¹

132 894 160 941 6
183 894 389 938 saevitia
436 897 526 938 est.
602 892 715 937 Non
764 898 842 938 est
887 895 1059 955 itaque
1105 895 1303 950 mirum,
1351 896 1391 940 si
1438 897 1681 939 maximus

183 979 331 1026 huius
359 982 431 1026 rei
455 983 606 1025 timor
630 985 724 1037 est,
749 983 888 1026 cuius
913 985 966 1026 et
1000 982 1210 1027 varietas
1240 996 1425 1043 magna
1448 987 1503 1028 et
1530 997 1680 1043 appa-

184 1074 319 1114 ratus
358 1067 593 1114 terribilis
631 1074 722 1114 est.
801 1067 928 1113 Nam
963 1067 1386 1130 quemadmodum
1424 1068 1536 1131 plus
1573 1072 1681 1132 agit

182 1161 358 1212 tortor,
376 1171 476 1218 quo
499 1154 641 1217 plura
665 1158 1003 1219 instrumenta
1026 1155 1210 1202 doloris
1236 1159 1466 1218 exposuit
1490 1155 1680 1221 (specie

183 1247 319 1291 enim
343 1246 612 1289 vincuntur
635 1246 721 1305 qui
750 1246 997 1306 patientia
1027 1242 1386 1308 restitissent);
1421 1247 1493 1290 ita
1517 1261 1580 1291 ex
1603 1247 1679 1302 iis,

182 1347 311 1395 quae
346 1333 538 1378 animos
573 1336 768 1377 nostros
805 1332 1046 1394 subigunt
1083 1338 1137 1379 et
1173 1332 1397 1390 domant,
1421 1332 1534 1395 plus
1568 1349 1680 1395 prof·

183 1419 374 1477 ficiunt,
410 1435 538 1482 quae
575 1418 766 1466 habent
812 1419 948 1482 quod
989 1419 1276 1467 ostendant.
1351 1419 1475 1468 Illae
1510 1427 1680 1484 pestes

183 1524 286 1554 non
308 1510 475 1554 minus
499 1523 674 1570 graves
707 1514 841 1566 sunt,
866 1507 1052 1554 famem
1082 1508 1194 1554 dico
1224 1515 1277 1554 et
1302 1512 1436 1555 sitim
1461 1515 1516 1555 et
1539 1525 1679 1572 prae-

183 1595 464 1642 cordiorum
522 1595 905 1658 subpurationes
966 1602 1019 1643 et
1077 1596 1270 1666 febrem
1330 1600 1518 1643 viscera
1574 1600 1680 1660 ipsa

184 1690 476 1731 torrentem.
550 1683 650 1731 Sed
675 1684 857 1742 latent,
873 1684 999 1730 nihil
1026 1683 1219 1731 habent
1242 1684 1375 1748 quod
1402 1689 1678 1742 intentent,
1708 1687 1710 1690 ’

184 1772 319 1835 quod
367 1771 684 1834 praeferant3
741 1771 867 1819 haec
928 1779 984 1819 ut
1043 1789 1224 1835 magna
1282 1772 1416 1819 bella
1472 1779 1678 1836 aspectu

183 1866 525 1923 apparatuque
552 1864 794 1908 vicerunt.

133 1955 160 2004 7
271 1949 461 1995 Demus
529 1952 701 2011 itaque
770 1965 989 2010 operam,
1058 1949 1396 1996 abstineamus
1466 1949 1676 1996 offensiS.

185 2035 450 2083 Interdum
507 2036 720 2099 populus
778 2043 872 2095 est,
930 2053 1082 2100 quem
1139 2040 1320 2084 timere
1378 2037 1650 2084 debeamus
1668 2053 1680 2094 ;

183 2124 440 2171 interdum
471 2127 511 2171 si
537 2140 597 2171 ea
620 2127 836 2170 civ-itatis
860 2123 1124 2186 disciplina
1148 2131 1242 2182 est,
1268 2131 1326 2171 ut
1349 2124 1561 2187 plurima
1592 2141 1682 2187 per

185 2219 417 2261 senatum
451 2215 808 2275 transigantur,
844 2215 1048 2275 gratiosi
1084 2215 1136 2258 in
1169 2228 1230 2259 eo
1265 2215 1384 2268 viri3
1426 2212 1680 2259 interdum

185 2301 386 2364 singuli,
421 2301 602 2363 quibus
643 2307 866 2363 potestas
902 2300 1074 2362 populi
1109 2306 1163 2347 et
1199 2304 1252 2346 in
1276 2300 1529 2363 ‘populum
1563 2300 1628 2347 da

186 2395 276 2437 est.
353 2390 462 2435 Hos
498 2405 671 2436 omnes
705 2392 888 2435 amicos
923 2388 1109 2434 habere
1145 2404 1408 2450 operosum
1441 2394 1534 2446 est,
1563 2392 1680 2436 satis

253 2504 273 2522 α
305 2496 372 2550 Os.
410 2495 606 2542 Tacitus,
642 2495 836 2542 Amal&
868 2509 940 2537 xv,
975 2498 1043 2542 44,
1084 2494 1340 2548 describing
1372 2495 1450 2535 the
1488 2499 1684 2536 tortures

187 2550 412 2604 practised
431 2563 551 2603 upon
571 2549 649 2590 the
669 2549 929 2592 Christians.

189 2615 252 2665 86
