1742 2872
496 109 643 157 THE
679 111 999 160 EPISTLES
1037 111 1127 160 OF
1163 113 1428 162 SENECA

213 215 445 272 scribere,
492 215 698 262 alicuius
746 218 884 263 verbi
932 218 1176 279 placentis
1223 219 1405 267 decore
1454 223 1742 286 vocentur,{

146 343 149 345 μ
213 288 349 350 quod
397 289 487 334 tibi
536 305 636 335 non
685 295 888 346 evenit;
947 308 1114 353 pressa
1161 299 1279 339 sunt
1325 298 1491 340 omnia
1538 302 1592 342 et
1639 300 1707 343 rei

213 368 398 423 aptata.
463 362 704 425 Loqueris
723 371 969 426 quantum
989 369 1060 412 vis
1080 372 1133 412 et
1159 366 1270 429 plus
1295 368 1542 430 significas
1560 385 1709 432 quam

215 435 444 498 loqueris.
520 437 634 483 Hoc
675 441 872 484 maioris
919 442 991 485 rei
1043 440 1283 486 indicium
1333 448 1443 497 est3
1502 450 1711 505 apparet

214 512 436 555 animum
457 526 656 573 quoque
676 511 801 557 nihil
828 511 1014 559 habere
1040 519 1348 576 supervacui,
1368 515 1490 561 nihil
1513 517 1706 565 tumidi.

163 583 191 630 6
302 583 511 630 Invenio
560 591 732 632 tamen
788 586 1139 634 translationes
1196 589 1459 635 verborum
1507 596 1563 636 ut
1609 593 1742 639 nous

215 661 502 704 temerarias
533 661 605 704 ita
629 675 756 722 quae
782 660 1056 722 periculum
1093 665 1166 707 sui
1200 661 1427 710 fecerint.
1502 650 1742 720 Invenio-2¹

212 734 473 794 imagines,
498 733 678 795 quibus
703 735 743 780 si
775 737 885 796 quis
917 750 1007 780 nos
1040 739 1113 782 uti
1147 742 1286 783 vetat
1318 743 1372 783 et
1405 741 1567 799 poetis
1602 738 1710 785 illas

212 805 329 851 solis
369 806 559 852 iudicat
595 823 703 854 esse
739 824 1013 866 concessas,
1049 813 1304 856 neminem
1345 810 1468 857 mihi
1511 811 1711 858 videtur

212 895 274 925 ex
314 883 533 942 antiquis
574 879 773 942 legisse,
813 882 947 944 apud
988 899 1111 946 quos
1153 883 1377 930 nondum
1415 886 1710 947 captabatur

213 953 487 1015 plausibilis
534 958 704 1001 oratio.
796 955 890 1013 Illi,
931 961 1017 1019 qui
1058 957 1354 1020 simpliciter
1399 965 1454 1005 et
1501 959 1707 1006 demon-

211 1027 445 1074 strandae
493 1031 565 1074 rei
613 1045 760 1075 causa
814 1030 1195 1093 eloquebantur,
1243 1032 1487 1094 parabolis
1534 1033 1708 1081 referti

213 1107 345 1159 sunt,
371 1118 491 1164 quas
524 1105 756 1149 existimo
788 1108 1103 1163 necessarias,
1129 1121 1230 1151 non
1263 1121 1324 1152 ex
1359 1106 1536 1153 eadem
1561 1122 1713 1154 causas

211 1191 309 1238 qua
345 1179 524 1237 poetis,
560 1176 648 1223 sed
686 1184 752 1223 ut.
778 1177 1122 1225 inbecillitatis
1164 1185 1363 1226 nostrae
1404 1180 1710 1228 adminicula·
1741 1231 1742 1242 2

210 1253 326 1306 sint,
353 1255 410 1295 ut
429 1255 483 1296 et
506 1249 762 1297 dicentem
787 1257 840 1298 et
863 1251 1155 1299 audientem
1180 1256 1231 1298 in
1257 1269 1363 1299 rem
1388 1251 1711 1316 praesentem?
1741 1250 1742 1286 ἷ

160 1326 187 1373 7
210 1323 477 1370 adducant.
551 1324 779 1371 Sextium
822 1341 939 1372 ecce
976 1342 1090 1372 cum
1128 1330 1342 1374 maxime
1380 1327 1510 1390 lego,
1549 1331 1742 1392 virum]

208 1413 391 1455 acrem,
446 1397 649 1445 Graecis
702 1399 880 1456 verbis,
938 1399 1187 1450 Romanis.
1221 1401 1438 1447 moribus
1491 1400 1704 1463 philoso-
1741 1398 1742 1402 ’

209 1470 466 1533 phantem.
542 1472 703 1518 Movit
732 1489 812 1519 me
846 1477 1011 1536 imago
1043 1474 1106 1519 ab
1138 1474 1224 1520 illo
1256 1479 1446 1537 posita:
1483 1478 1554 1522 ire
1587 1492 1704 1539 qua·
1734 1476 1737 1563 j

209 1545 352 1591 drato
393 1549 594 1608 agmine
632 1550 925 1605 exercitum,
963 1548 1045 1593 ubi
1087 1547 1243 1594 hostis
1280 1549 1345 1594 ab
1385 1552 1521 1595 omni
1563 1556 1704 1611 parte

208 1625 469 1681 suspectus
517 1626 610 1677 est,
658 1636 858 1682 pugnae
913 1627 1175 1683 paratum3
1234 1621 1473 1679 “Idem,''
1524 1625 1705 1686 inquit,
1720 1634 1729 1676 ,Γ

208 1696 452 1755 “sapiens
477 1692 642 1740 facere
667 1693 854 1750 debet3
890 1711 1064 1741 omnes
1092 1698 1304 1742 virtutes
1337 1712 1448 1743 suas
1482 1696 1704 1760 undique
1717 1681 1735 1768 j!

207 1766 477 1828 expandat,
512 1773 568 1813 ut
606 1767 906 1830 ubicumque
939 1769 1110 1815 infesti
1143 1769 1332 1832 aliquid
1368 1773 1570 1827 orietur,
1602 1765 1735 1892 illicffd

206 1846 378 1902 parata
425 1840 671 1902 praesidia
717 1844 819 1887 sint
867 1848 920 1888 et
971 1842 1035 1889 ad
1090 1849 1272 1889 nutum
1326 1847 1549 1905 regentis
1597 1847 1726 1898 sine,2

206 1914 430 1960 tumultu
483 1914 871 1976 respondeant.'’
967 1914 1118 1974 Quod
1171 1920 1224 1962 in
1276 1917 1578 1964 exercitibus
1628 1901 1736 2056 iia}

274 2019 294 2036 α
322 2011 412 2058 i.e.,
435 2013 479 2051 in
502 2013 618 2064 spite
638 2012 690 2052 of
704 2011 782 2052 the
804 2012 897 2053 fact
916 2012 1018 2053 that
1067 2026 1148 2053 our
1168 2013 1285 2066 style
1305 2015 1341 2054 is
1361 2017 1581 2067 compact.

273 2065 289 2091 ὃ
318 2063 374 2116 Q.
399 2064 578 2106 Sextius
600 2078 690 2107 was
710 2080 738 2106 a
758 2065 880 2107 Stoic
901 2066 1006 2107 with
1030 2026 1094 2120 {y

207 2118 324 2159 lived
353 2120 397 2159 in
427 2119 506 2160 the
535 2119 647 2172 days
676 2120 728 2160 of
751 2119 898 2161 Julius
928 2119 1104 2162 Caesar.
1168 2121 1242 2162 He
1268 2123 1306 2162 is
1331 2121 1426 2162 also
1446 2121 1726 2164 mentioned⁶2¹

206 2174 251 2213 in
273 2172 391 2227 ΕΜ).
415 2173 518 2215 lxiv.
543 2173 634 2214 and
652 2173 786 2215 lxxiii.
848 2175 890 2215 A
911 2174 1030 2215 book
1050 2175 1102 2216 of
1126 2175 1263 2216 moral
1286 2175 1543 2221 Sententiae,
1566 2176 1725 2226 taken,

206 2240 312 2267 over
334 2227 392 2280 by
412 2227 491 2268 the
511 2227 705 2274 Church‚
728 2230 765 2268 is
786 2229 995 2282 assigned
1016 2232 1064 2270 to
1084 2229 1192 2276 him,
1214 2229 1404 2283 perhaps
1429 2230 1641 2283 Wrongly.
1704 2239 1730 2292 [ᾗ.

274 2288 290 2307 ⁶
317 2281 489 2334 Aymen
507 2283 774 2335 quadratum
794 2295 884 2323 was
904 2296 963 2323 an
990 2296 1118 2336 army
1138 2285 1182 2324 in
1209 2297 1237 2324 a
1256 2297 1417 2337 square
1444 2284 1715 2334 formationiae

208 2334 313 2375 with
334 2334 540 2388 baggage
559 2337 605 2376 in
625 2335 702 2376 the
722 2336 903 2383 middle,
922 2337 1058 2390 ready
1075 2338 1144 2378 for
1163 2337 1426 2383 battle,—as
1447 2325 1718 2388 contrastedll

206 2388 313 2428 with
326 2403 478 2442 ayme‘n
488 2390 651 2430 iustum
662 2389 798 2442 (close
811 2390 981 2443 ranks)‚
996 2391 1087 2432 and
1102 2392 1211 2432 acies
1226 2393 1384 2446 triplex
1395 2393 1441 2444 (a
1456 2393 1713 2444 stationary‘*

204 2442 459 2490 formation,
488 2443 651 2484 almost
681 2445 993 2497 rectangular).
1054 2445 1225 2499 Aqmen
1252 2447 1518 2500 quadratum
1541 2448 1577 2487 is
1606 2442 1705 2488 first*

204 2496 346 2537 found
366 2498 410 2537 in
430 2497 509 2538 the
529 2497 721 2550 Spanish
742 2501 1002 2551 campaigns
1022 2500 1074 2540 of
1088 2499 1166 2540 the
1186 2499 1352 2540 second
1371 2503 1559 2553 century
1580 2514 1660 2541 B.c.
1710 2501 1715 2506 ’

207 2568 304 2608 412

1098 2067 1343 2120 thagorean
1364 2067 1581 2121 leanings,
1604 2047 1733 2126 who}

1692 2682 1725 2872 Μὰ..
1699 2621 1714 2662 2.
1711 2596 1717 2607 ,
