1742 2872
486 150 632 196 THE
669 147 989 196 EPISTLES
1027 146 1116 195 OF
1153 145 1415 195 SENECA

144 308 168 313 ,ξ
209 259 518 321 tinguendus
561 265 667 315 est3
736 259 838 316 ille,
886 261 970 321 qui
1026 257 1277 304 alimentis
1324 256 1570 314 deficitur,
1617 272 1704 301 sua

211 347 390 404 sponte
416 340 675 387 subsidit.’'

128 430 187 475 15
296 422 539 468 Libenter
585 422 725 479 haec,
774 425 841 467 mi
891 421 1066 479 Lucili,
1114 421 1262 466 audio
1308 437 1408 465 non
1450 425 1703 481 tamquam

211 519 353 560 nova,
395 502 484 548 sed
526 509 779 565 tamquam
822 506 874 548 in
916 519 1022 549 rem
1059 508 1377 564 praesentem
1419 500 1701 563 perductus.

211 583 348 641 Quid
404 587 560 646 ergo?
666 584 780 629 Non
835 583 1018 629 multos
1074 586 1295 645 spectavi
1351 583 1706 643 abrumpentes

211 668 400 712 vitam?
470 665 604 727 Ergo
637 681 752 710 vero
786 664 903 722 vidi,
929 664 1018 711 sed
1054 664 1165 726 plus
1200 667 1444 711 momenti
1468 662 1601 725 apud
1626 678 1707 708 me

211 745 416 804 habent,
452 749 538 809 qui
573 746 636 791 ad
672 751 887 792 mortem
927 749 1138 792 veniunt
1179 749 1286 792 sine
1327 745 1441 791 odio
1482 748 1614 790 vitae
1656 749 1709 789 et
1740 774 1742 776 -

129 831 187 877 16
209 827 489 873 admittunt
506 826 660 884 illam,
679 843 781 872 non
805 826 1092 873 adtrahunt.
1168 826 1300 873 Illud
1320 826 1523 890 quidem
1543 825 1710 872 aiebat
1740 819 1742 856 ³

211 914 519 955 tormentum
569 913 738 954 nostra
791 924 881 954 nos
939 912 1128 955 sentire
1183 924 1350 971 opera,
1397 907 1532 971 quod
1586 913 1709 953 tunc

209 990 535 1052 trepidamus,
554 1006 668 1035 cum
692 1006 847 1051 prope
865 1006 895 1035 a
912 990 1055 1036 nobis
1081 1006 1189 1037 esse
1214 989 1461 1036 credimus
1480 994 1706 1035 mortem.

212 1071 258 1117 A
297 1087 396 1134 quo
438 1075 573 1118 enim
614 1088 715 1117 non
764 1087 918 1133 prope
966 1077 1060 1129 est,
1102 1077 1274 1134 parata
1314 1071 1544 1117 omnibus
1589 1069 1710 1116 locis

211 1153 542 1215 omnibusque
562 1153 865 1199 momentis?
926 1157 957 1179 “
974 1151 1075 1199 Sed
1091 1151 1510 1209 consideremus,”
1530 1153 1710 1213 inquit,

211 1238 241 1260 “
257 1239 397 1291 tunc,
421 1250 535 1279 cum
567 1233 733 1296 aliqua
765 1250 911 1280 causa
944 1233 1189 1280 moriendi
1225 1233 1424 1280 videtur
1454 1231 1710 1289 accedere,

211 1321 400 1377 quanto
447 1315 573 1361 aliae
620 1318 874 1377 propiores
922 1318 1039 1372 sint,
1086 1331 1214 1378 quae
1261 1332 1363 1361 non
1418 1313 1708 1360 timentur.''

214 1397 390 1443 Hostis
415 1395 561 1442 alicui
591 1402 804 1442 mortem
836 1397 1136 1454 minabatur,
1162 1396 1291 1443 hanc
1324 1396 1542 1443 cruditas
1567 1411 1710 1441 occu-

130 1481 188 1528 17
212 1481 362 1540 pavit.
437 1477 487 1524 Si
513 1477 825 1539 distinguere
846 1477 1145 1525 voluerimus
1165 1494 1335 1525 causas
1354 1483 1518 1524 metus
1537 1480 1710 1534 nostri,

210 1562 523 1606 inveniemus
563 1559 682 1605 alias
730 1575 855 1617 esse,
902 1559 1021 1606 alias
1068 1559 1238 1607 videri.
1343 1560 1457 1606 Non
1499 1565 1708 1605 mortem

211 1644 464 1698 timemus,
506 1639 596 1687 sed
634 1643 991 1702 cogitationem
1032 1644 1218 1688 mortis.
1306 1641 1388 1687 Ab
1429 1643 1535 1703 ipsa
1577 1643 1710 1687 enim

212 1738 411 1784 semper
450 1721 752 1769 tantundem
787 1722 1034 1769 absumus.
1127 1722 1206 1769 Ita
1241 1726 1281 1769 si
1318 1721 1544 1770 timenda
1581 1738 1711 1768 mors

213 1810 307 1861 est,
333 1820 531 1866 semper
563 1803 789 1850 timenda
821 1810 911 1850 est.
986 1803 1137 1862 Quod
1169 1807 1304 1851 enim
1337 1807 1486 1850 morti
1510 1810 1710 1866 tempus
1740 1832 1742 1858 2

213 1891 506 1947 exemptum
532 1887 645 1931 est?

132 1965 192 2012 18
298 1965 399 2013 Sed
435 1969 594 2013 vereri
629 1965 808 2022 debeo,
843 1981 909 2012 ne
947 1971 1051 2011 tam
1086 1965 1261 2027 longas
1297 1965 1536 2028 epistulas
1571 1968 1712 2027 peius

213 2063 362 2109 quam
409 2053 624 2094 mortem
670 2046 845 2093 oderis,
939 2045 1116 2108 Itaque
1163 2045 1313 2092 finem
1354 2045 1544 2092 faciam.
1635 2045 1710 2091 Tu

213 2134 386 2174 tamen
421 2134 635 2175 mortem
670 2134 728 2174 ut
762 2143 1035 2190 numquam
1071 2130 1266 2186 timeas,
1298 2142 1496 2189 semper
1530 2130 1707 2189 cogita.

215 2209 365 2256 VALE.

218 2615 315 2657 220
