1742 2872
483 110 629 155 THE
665 108 985 156 EPISTLES
1022 108 1112 156 OF
1148 108 1413 156 SENECA

200 218 290 266 sed
314 234 427 265 meo
450 234 587 264 more
605 233 617 273 ;
653 221 856 264 interim
880 217 1066 264 multos
1084 217 1255 274 habes,
1277 233 1487 280 quorum
1512 221 1694 280 scripta

136 312 160 317 ‘*
201 310 370 355 nescio
404 323 469 352 an
504 308 622 352 satis
657 305 904 352 ordinent,
979 304 1131 351 Sume
1173 308 1224 350 in
1261 321 1435 352 manus
1475 305 1695 352 indicem

203 394 640 457 philosophorum;
694 393 818 440 haec
852 396 958 455 ipsa
999 408 1077 439 res
1118 396 1395 454 expergisci
1436 395 1491 439 te'
1530 399 1694 455 coget,

201 486 242 528 si
266 482 464 539 videris,
483 498 632 544 quam
656 482 803 528 multi
828 482 922 527 tibi
946 481 1291 527 laboraverint.
1366 480 1696 543 Concupisces

201 576 256 618 et
278 573 385 632 ipse
411 586 474 616 ex
501 569 598 615 illis
623 585 751 615 unus
776 585 898 615 esse.
973 568 1148 614 Habet
1172 571 1307 614 enim
1333 567 1426 614 hoc
1449 572 1696 631 optimum
1740 577 1742 579 ’

201 662 254 704 in
279 674 331 705 se
356 673 628 721 generosus
651 660 862 714 animus,
887 655 1021 719 quod
1046 659 1326 702 concitatur
1348 655 1412 702 ad
1436 656 1659 703 honesta.

289 745 557 792 Neminem
582 745 766 792 excelsi
796 748 988 807 ingenii
1012 747 1170 790 virum
1197 743 1404 791 humilia
1438 744 1699 793 delectant
1736 766 1742 803 ς·

204 839 259 879 et
286 833 513 889 sordida;
549 849 843 895 magnarum
874 848 1040 879 rerum
1073 834 1264 893 species
1288 831 1351 878 ad
1388 848 1440 878 se
1467 839 1610 880 vocat
1645 839 1699 880 et
1736 811 1742 865 ἶ

155 918 183 964 3
205 921 417 967 extollit.
492 919 930 978 Quemadmodum
965 919 1162 965 flamma
1202 923 1362 982 surgit
1401 923 1453 966 in
1488 926 1698 978 rectum,
1735 924 1742 994 ζ

205 1002 366 1054 iacere
419 1024 477 1054 ac
530 1007 742 1070 deprimi
794 1023 896 1053 non
950 1011 1134 1069 potest,
1186 1023 1288 1052 non
1339 1011 1498 1069 magis
1551 1024 1699 1070 quam
1736 996 1742 1048 ἶ

206 1099 463 1159 quiescere
481 1112 494 1153 ;
529 1099 601 1143 ita
624 1102 796 1143 noster
813 1100 1007 1142 animus
1031 1098 1084 1140 in
1107 1101 1248 1151 motu
1274 1101 1367 1152 est,
1388 1111 1448 1142 eo
1471 1095 1702 1142 mobilior
1731 1125 1742 1143 .-.

206 1190 259 1230 et
294 1188 556 1241 actuosior‚
585 1200 684 1247 quo
719 1184 1067 1231 vehementior
1090 1181 1255 1229 fuerit.
1329 1181 1430 1229 Sed
1454 1182 1590 1241 felix,
1615 1186 1701 1246 qui

204 1271 270 1318 ad
309 1272 516 1318 meliora
563 1271 697 1319 hunc
738 1275 969 1334 inpetum
1016 1273 1184 1320 dedit!
1261 1272 1421 1320 Ponet
1466 1289 1519 1320 se
1544 1279 1702 1320 ‘extra
1740 1329 1742 1335 A

206 1363 281 1406 ius
340 1360 692 1422 dicionemque
750 1359 995 1408 fortunae.
1092 1361 1324 1408 Secunda
1381 1361 1702 1423 temperabit,
1731 1345 1742 1415 1

206 1447 413 1494 adversa
466 1451 775 1495 comminuet
826 1454 880 1495 et
932 1449 1039 1494 aliis
1097 1448 1387 1495 admiranda
1439 1448 1697 1511 despiciet.
1734 1428 1738 1457 ³

157 1534 185 1580 4
209 1536 384 1599 Magni
429 1540 583 1583 animi
624 1543 702 1584 est
741 1553 925 1599 magna
965 1543 1289 1584 contemnere
1336 1552 1393 1582 ac
1433 1536 1702 1584 mediocria

207 1625 356 1673 malle
415 1642 565 1689 quam
623 1629 788 1673 nimia.
890 1626 980 1672 llla
1039 1630 1174 1672 enim
1232 1625 1374 1672 utilia
1431 1626 1700 1688 vitaliaque

208 1719 355 1769 sunt;
401 1720 455 1760 at
495 1714 620 1761 haec
662 1730 740 1772 eo,
781 1713 917 1777 quod
965 1713 1293 1776 superfluunt,
1330 1719 1529 1759 nocent.
1619 1713 1701 1760 Sic

207 1807 434 1864 segetem
458 1804 612 1847 nimia
644 1805 825 1848 sternit
852 1803 1068 1859 ubertas,
1094 1805 1164 1848 sic
1187 1805 1311 1847 rami
1334 1804 1489 1847 nimio
1506 1801 1522 1831 1
1548 1817 1700 1848 onere

206 1888 522 1951 franguntur,
558 1893 627 1935 sic
662 1889 727 1935 ad
767 1892 1112 1936 maturitatem
1146 1906 1249 1935 non
1284 1892 1514 1952 pervenit
1549 1892 1703 1936 nimia
1740 1887 1742 1900 ⁴

205 1976 502 2024 fecunditas.
611 1977 756 2023 Idem
823 1980 1000 2023 animis
1063 1993 1263 2040 quoque
1328 1980 1514 2034 evenit,
1578 1993 1702 2040 quos

204 2065 518 2112 inmoderata
569 2065 783 2112 felicitas
834 2068 1039 2128 rumpit,
1091 2081 1190 2128 qua
1240 2081 1343 2111 non
1400 2071 1599 2111 tantum
1647 2068 1700 2111 in

154 2147 182 2192 5
205 2152 413 2199 aliorum
448 2156 694 2210 iniuriam,
724 2153 813 2200 sed
849 2157 1002 2200 etiam
1037 2156 1091 2199 in
1126 2169 1265 2200 suam
1301 2159 1525 2199 utuntur.
1599 2151 1701 2209 Qui

206 2240 362 2287 hostis
399 2244 452 2286 in
493 2257 795 2304 quemquam
836 2247 940 2287 tam
983 2242 1372 2288 contumeliosus
1413 2240 1510 2287 fuit
1549 2256 1699 2303 quam
1720 2241 1730 2293 g

205 2332 258 2374 in
310 2328 551 2391 quosdam
597 2329 881 2391 voluptates
939 2345 1057 2376 suae
1103 2332 1261 2376 sunt?
1352 2327 1576 2386 Quorum
1622 2319 1718 2434 imi

206 2420 464 2479 potentiae
496 2423 649 2480 atque
681 2421 884 2464 insanae
920 2417 1116 2463 libidini
1140 2418 1205 2463 ob
1233 2416 1327 2463 hoc
1351 2433 1506 2463 unum
1543 2406 1724 2478 possiss

241 2565 271 2615 6
655 2502 668 2527 1
697 2502 832 2544 ‘nimio
852 2502 1000 2544 added
1019 2503 1080 2556 by
1101 2502 1250 2545 Gertz.

207 2573 236 2614 2
274 2574 322 2614 0-
