1742 2872
491 92 638 139 THE
674 90 994 140 EPISTLES
1031 91 1120 138 OF
1155 90 1421 139 SENECA
1706 7 1729 149 ζ

207 215 330 261 quos
371 202 696 261 imperatores
738 203 907 262 magni
942 199 1193 258 ordinant,
1227 199 1331 246 fieri
1370 198 1610 255 videmus,
1646 204 1733 247 u}

105 338 129 342 m
206 280 471 339 imperium
517 277 658 324 ducis
704 277 851 324 simul
907 293 1081 324 omnes
1127 280 1300 339 copiae
1346 280 1585 333 sentiant,
1632 279 1672 322 si
1710 302 1731 339 ,

206 354 492 417 dispositae,
522 361 579 402 ut
614 358 811 417 signum
848 356 911 401 ab
950 371 1047 401 uno
1083 354 1258 402 datum
1294 354 1516 416 peditem
1555 357 1647 400 sim
1697 342 1739 423 {¹

206 435 532 495 equitemque
567 439 854 495 percurrat;
905 431 999 478 hoc
1040 432 1295 495 aliquanto
1331 435 1489 494 magis
1529 446 1645 477 nec
1702 422 1739 480 ἐν

153 513 183 559 8
204 513 387 556 sarium
443 526 552 557 esse
606 511 750 556 nobis
797 514 882 557 ait.
982 509 1061 556 Illi
1108 512 1243 556 enim
1298 524 1448 571 saepe
1503 507 1688 554 hostes·

204 590 419 634 timuere
466 591 573 635 sine
620 604 782 645 causa,
830 590 1236 650 tutissimumque
1282 586 1378 633 illis
1425 589 1522 633 iter
1567 602 1657 648 qu·
1676 587 1735 635 οῗ

204 668 631 727 suspectissimum
673 665 799 720 fuit3
838 664 963 711 nihil
1005 664 1222 711 stultitia
1257 671 1490 727 pacatum
1531 663 1738 734 habeta}

204 742 325 788 Tam
363 759 579 805 superne
615 742 686 788 illi
719 749 885 789 metus
910 748 988 790 est
1019 759 1170 806 quam
1201 741 1342 789 infra.
1417 740 1721 804 Utrumque
1726 778 1733 826 ί

204 820 427 882 trepidat
450 820 594 867 latus.
669 819 920 867 Secuntur
943 819 1164 882 pericula
1187 826 1242 866 et
1265 825 1546 866 occurrunt.
1619 817 1739 890 Adq

203 901 370 944 omnia
405 904 572 960 pavet,
608 902 834 960 inparata
870 904 947 944 est
983 903 1037 944 et
1071 901 1190 959 ipsis
1232 903 1451 944 terretur
1490 895 1710 944 auxiliis.
1705 854 1739 971 ff

204 974 412 1037 Sapiens
431 981 602 1022 autem
620 975 683 1022 ad
708 991 910 1022 omnem
929 979 1182 1022 incursum
1201 977 1440 1033 munitus,
1458 974 1713 1021 intentus
1734 938 1739 1011 Ι

206 1069 306 1099 non
347 1056 388 1100 si
430 1059 714 1116 paupertas,
756 1070 858 1100 non
900 1057 939 1100 si
983 1052 1162 1110 luctus,
1200 1069 1301 1099 non
1336 1056 1376 1099 si
1412 1054 1671 1115 ignomini
1702 1051 1714 1082 ἶ·

203 1147 306 1177 non
338 1134 378 1177 si
411 1131 553 1178 dolor
583 1134 830 1193 impetum
864 1130 1032 1189 faciat,
1056 1131 1240 1194 pedem
1264 1129 1462 1177 referet.
1538 1129 1680 1176 Inter
1699 1124 1740 1189 2¹

204 1212 327 1255 ritus
354 1214 407 1255 et
432 1215 607 1256 contra
630 1209 716 1254 illa
739 1209 834 1256 ibit
858 1215 912 1256 et
936 1212 1070 1255 inter
1092 1208 1191 1255 illa.
1707 1205 1714 1263 ξ

152 1292 180 1337 9
290 1287 392 1333 Nos
417 1287 577 1333 multa
600 1286 827 1350 alligant,
852 1286 1011 1332 multa
1035 1286 1317 1333 debilitant.
1392 1286 1491 1332 Diu
1517 1289 1569 1331 in
1594 1288 1691 1332 isti

205 1367 337 1411 vitiis
360 1367 618 1423 iacuimus,
638 1364 739 1411 elui
764 1364 962 1411 difficile
989 1370 1080 1411 est.
1155 1364 1268 1411 Non
1294 1366 1429 1410 enim
1453 1341 1723 1440 inquinati}

203 1458 388 1500 sumus,
430 1441 519 1489 sed
566 1441 757 1489 infecti.
832 1441 910 1489 Ne
950 1442 1016 1488 ab
1055 1441 1151 1487 alia
1191 1444 1408 1503 imagine
1450 1439 1513 1486 ad
1554 1418 1735 1494 aliam

204 1526 531 1578 transeamus,
571 1518 667 1566 hoc
713 1535 966 1583 quaeram,
1004 1518 1139 1582 quod
1185 1534 1336 1581 saepe
1382 1534 1580 1565 mecum
1627 1510 1715 1564 ‹li-'-

204 1601 380 1661 spicio:
416 1596 538 1660 quid
568 1600 638 1644 ita
660 1613 751 1644 nos
775 1596 991 1644 stultitia
1014 1602 1116 1643 tam
1144 1599 1468 1659 pertinaciter
1492 1597 1729 1646 teneat&-

206 1675 370 1722 Primo
395 1679 511 1739 quia
535 1692 636 1721 non
661 1675 860 1722 fortiter
882 1674 1018 1722 illam
1051 1674 1339 1737 repellimus
1373 1690 1465 1721 nec
1497 1679 1607 1721 toto
1637 1638 1740 1758 aad}⁴

204 1753 418 1802 salutem
461 1756 655 1816 impetu
697 1756 920 1810 nitimur,
962 1751 1147 1800 deinde
1195 1746 1311 1815 quia
1358 1751 1457 1810 illa,
1498 1767 1627 1815 quae
1673 1755 1735 1798 a‘'

205 1832 514 1895 sapientibus
541 1834 654 1878 viris
680 1837 879 1894 reperta
903 1836 1038 1888 sunt,
1062 1846 1163 1877 non
1189 1833 1308 1877 satis
1331 1829 1578 1877 credimus
1606 1844 1704 1876 nec

204 1913 390 1972 apertis
426 1910 712 1972 pectoribus
748 1901 1000 1956 haurimus
1036 1908 1315 1971 leviterque
1351 1914 1454 1954 tam
1488 1923 1671 1970 magna
1682 1899 1717 1948 ιε’

123 1991 182 2037 10
206 1991 274 2035 rei
302 1991 589 2035 insistimus.
663 1986 1100 2045 Quemadmodum
1121 1990 1292 2033 autem
1316 1991 1485 2049 potest
1508 1985 1685 2048 aliquis
1699 1984 1701 1986 ’
1737 2039 1740 2058 Ι

205 2073 451 2130 quantum
485 2068 604 2112 satis
639 2068 720 2122 sit,
755 2064 990 2114 adversus
1026 2067 1147 2110 vitia
1181 2063 1390 2122 discere,
1425 2066 1511 2126 qui
1547 2079 1678 2127 quan

204 2151 314 2191 tum
343 2161 371 2189 a
404 2146 536 2190 vitiis
571 2149 728 2199 vacat,
754 2142 937 2189 discit?
1009 2142 1171 2189 Nemo
1199 2147 1424 2188 nostrum
1460 2145 1512 2187 in
1543 2141 1689 2188 altu..

271 2268 349 2310 oi.
358 2283 411 2316 e.‚
434 2269 494 2321 by
523 2267 601 2308 the
630 2271 780 2321 troops
808 2267 860 2308 os
885 2268 962 2308 the
990 2266 1156 2308 second
1180 2267 1283 2314 line,
1306 2267 1404 2308 who
1435 2269 1479 2307 in
1507 2250 1721 2331 training}

207 2323 296 2364 and
317 2299 432 2377 qual
438 2326 487 2375 ty
510 2335 624 2363 were
644 2321 823 2362 inferior
844 2325 891 2362 to
911 2321 988 2363 the
1007 2324 1160 2374 troops
1181 2321 1233 2362 of
1247 2321 1325 2362 the
1344 2322 1503 2374 legion.
1671 2331 1720 2418 (ὲ

276 2379 293 2404 ¹³
319 2377 408 2423 i..‚0
441 2377 555 2417 from
583 2375 685 2417 that
718 2375 769 2416 of
793 2375 918 2416 the‘
926 2375 1126 2416 ‘fetter''
1153 2379 1199 2416 to
1229 2374 1329 2417 that
1357 2375 1446 2416 of‘
1453 2374 1585 2416 dust
1611 2388 1668 2416 an
1733 2395 1739 2435 ι

209 2432 309 2485 dye.
319 2431 342 2446 ”
400 2430 451 2471 In
471 2434 492 2481 ἓ
513 2434 537 2470 6
564 2430 736 2472 Seneca
763 2429 842 2470 has
870 2429 1048 2483 praised
1075 2428 1272 2470 Lucilius
1299 2429 1369 2470 for
1395 2428 1462 2470 his
1479 2419 1717 2482 judicious}

209 2486 514 2539 employment
534 2484 586 2524 of
601 2484 871 2537 metaphors.
1694 2489 1717 2532 ³?-

210 2557 307 2598 414
1702 2563 1721 2597 t?

1696 2598 1721 2642 3

1693 2639 1736 2872 l?
