1742 2872
506 146 653 192 THE
689 144 1009 206 EPISTLES
1046 144 1136 192 OF
1172 143 1435 192 SENECA

225 271 346 301 sum.
423 254 627 301 Fluctus
659 260 831 300 autem
862 252 1004 309 illud,
1031 259 1087 299 ut
1119 255 1228 310 scis,
1254 252 1490 315 frequens
1515 259 1567 299 et
1604 269 1712 298 con-

137 365 161 370 „
226 325 407 367 citatus
456 327 718 383 exaequat,
765 321 959 382 longior
1007 319 1339 382 tranquillitas
1397 319 1559 376 solvit,
1607 336 1718 365 cum

227 387 440 446 harenis,
466 405 593 450 quae
620 404 790 434 umore
814 387 1101 450 alligantur,
1126 403 1270 433 sucus
1295 387 1547 434 abscessit.

174 460 203 506 3
310 455 387 501 Ex
412 454 775 502 consuetudine
813 460 984 501 tamen
1015 470 1127 500 mea
1158 456 1536 516 circumspicere
1560 457 1720 515 coepi,

224 539 290 568 an
335 522 523 585 aliquid
570 521 672 568 illic
718 525 1011 578 invenirem,
1046 520 1180 583 quod
1216 520 1339 567 mihi
1374 527 1543 583 posset
1590 521 1721 566 bono

226 606 351 647 esse,
369 597 423 636 et
441 589 639 636 derexi1
659 589 827 635 oculos
843 592 893 634 in
910 588 1094 646 villam,
1113 604 1241 651 quae
1259 587 1527 651 aliquando
1544 587 1719 634 Vatiae
1739 609 1742 661 ς

226 657 333 703 fuit.
413 656 471 702 In
507 655 600 703 hac
624 656 711 703 ille
736 659 1012 718 praetorius
1037 655 1193 712 dives,
1212 655 1350 701 nulla
1373 654 1468 700 alia
1492 671 1554 701 re·
1569 671 1742 717 quam,⁴

224 728 326 770 otio
352 729 517 781 notus,
533 726 797 770 consenuit
822 729 876 770 et
899 723 963 768 ob
989 721 1083 769 hoc
1102 739 1257 768 unum
1277 721 1398 768 felix
1423 721 1714 768 habebatur.

228 791 355 837 Nam
379 793 612 854 quotiens
636 790 826 852 aliquos
850 793 1098 836 amicitiae
1129 789 1288 835 Asinii
1315 788 1463 847 Galli,
1487 789 1720 851 quotiens

226 857 392 905 Seiani
439 857 626 915 odium,
673 857 858 904 deinde
904 873 1042 903 amor
1088 862 1343 913 merserat,
1377 872 1536 919 aeque
1584 859 1742 907 enim,

225 925 490 972 offendisse
527 924 666 971 illum
706 941 855 988 quam
896 940 1086 970 amasse
1128 922 1460 986 periculosum
1485 922 1598 981 fuit,
1633 917 1742 969 ex-'

225 992 508 1039 clamabant
542 991 802 1038 homines:
851 996 881 1018 “
902 990 947 1038 O
996 991 1159 1048 Vatia,
1194 989 1326 1036 solus
1363 993 1455 1036 scis
1503 989 1715 1036 vivere.’'

173 1059 202 1106 4
225 1060 297 1107 At
330 1059 416 1106 ille
452 1059 609 1106 latere
651 1059 856 1115 sciebat,
892 1074 994 1104 non
1040 1061 1218 1104 vivere.
1294 1057 1513 1103 Multum
1548 1062 1717 1103 autem

224 1130 453 1184 interest,
479 1132 646 1173 utrum
672 1129 773 1172 vita
796 1132 884 1172 tua
918 1128 1076 1172 otiosa
1110 1127 1176 1171 sit
1207 1141 1270 1170 an
1296 1127 1486 1187 ignava.
1562 1124 1717 1170 Num-

224 1210 373 1257 quam
392 1194 538 1241 aliter
556 1193 684 1240 hanc
705 1193 872 1239 villam
900 1192 1043 1238 Vatia
1068 1195 1178 1238 vivo
1202 1192 1550 1254 praeteribam,
1570 1207 1717 1254 quam

226 1267 284 1308 ut
306 1261 527 1307 dicerem
548 1278 560 1306 :
596 1265 628 1287 “
646 1260 791 1306 Vatia
815 1259 896 1306 hic
920 1263 1044 1306 situs
1069 1258 1193 1306 est.''
1410 1254 1415 1260 ’
1735 1261 1742 1313 Ῑ

311 1327 412 1375 Sed
440 1327 583 1385 adeO,
608 1331 677 1374 mi
711 1326 888 1385 Lucili,
914 1325 1229 1389 philosophia
1264 1342 1453 1372 sacrum
1480 1324 1742 1388 quiddams

225 1402 303 1443 est
351 1402 404 1442 et
451 1395 750 1453 venerabile,
790 1400 847 1440 ut
872 1398 1042 1452 etiam,
1078 1397 1118 1440 si
1154 1393 1276 1456 quid
1317 1393 1389 1439 illi
1428 1391 1589 1439 simile
1625 1398 1719 1450 est,

224 1462 486 1510 mendacio
505 1462 713 1525 placeat.
777 1460 1008 1508 Otiosum
1027 1463 1162 1508 enim
1182 1460 1435 1506 hominem
1456 1459 1719 1506 seductum

226 1534 479 1577 existimat
515 1529 693 1592 vulgus
729 1534 783 1575 et
824 1544 1052 1575 securum
1089 1533 1143 1574 et
1190 1544 1242 1574 se
1279 1533 1591 1584 contentum,
1627 1527 1720 1573 sibi

226 1601 497 1654 viventem,
532 1613 742 1660 quorum
778 1595 902 1642 nihil
936 1595 1025 1642 ulli
1062 1599 1354 1657 contingere
1379 1597 1473 1641 nisi
1506 1597 1718 1656 sapienti

174 1673 204 1719 5
226 1671 407 1727 potest.
484 1663 576 1710 Ille
601 1663 842 1710 sollicitus
877 1666 972 1709 scit
1006 1663 1099 1709 sibi
1140 1660 1380 1709 vivere?2
1450 1661 1544 1708 Ille
1569 1664 1722 1719 enim,

226 1731 360 1795 quod
409 1737 486 1778 est
534 1734 766 1793 primum,
812 1733 906 1777 scit
952 1730 1157 1776 vivere?
1229 1729 1357 1774 Nam
1409 1732 1495 1791 qui
1541 1744 1619 1775 res
1667 1734 1722 1775 et

226 1798 455 1846 homines
489 1797 638 1861 fugit,
666 1814 817 1861 quem
852 1797 1186 1860 cupiditatum
1222 1812 1420 1843 suarum
1454 1795 1721 1842 infelicitas

294 1926 309 1951 ¹
339 1925 481 1967 darem·
502 1924 686 1971 Hense;
716 1923 854 1966 diremi
873 1921 1003 1964 MSS.

293 1980 311 2005 ²
338 1979 444 2020 This
464 1978 555 2019 and
572 1978 651 2019 the
670 1980 778 2018 next
797 1979 1008 2018 sentence
1026 1989 1102 2018 are
1121 1975 1398 2030 punctuated
1416 1974 1655 2028 according
1673 1978 1722 2016 to

227 2033 484 2080 Summers;
515 2032 671 2073 Hense
693 2031 824 2072 takes
848 2030 972 2071 them
999 2043 1049 2071 as
1069 2029 1380 2077 declarations‚
1403 2029 1484 2070 but
1512 2032 1722 2082 suggests

225 2089 342 2130 solus
359 2102 448 2128 ‘non
466 2087 691 2133 sollicitus,
714 2087 836 2126 since
860 2085 976 2126 solus
995 2086 1032 2125 is
1059 2083 1207 2125 added
1225 2084 1368 2125 above
1388 2083 1465 2124 the
1485 2082 1572 2124 line
1592 2085 1636 2123 in
1658 2083 1719 2131 V.

225 2141 317 2183 and
336 2143 380 2182 in
403 2141 439 2182 P
455 2141 665 2183 sollicitus
684 2139 765 2180 has
786 2139 899 2180 been
921 2138 1150 2180 corrected
1170 2141 1216 2179 to
1234 2138 1363 2180 solus.

292 2277 313 2296 α
340 2268 431 2310 Son
447 2268 499 2308 of
510 2267 693 2308 Asinius
711 2265 872 2313 Pollio;
897 2266 966 2306 his
982 2264 1220 2306 frankness
1235 2268 1315 2318 got
1329 2264 1422 2304 him
1438 2265 1532 2305 into
1547 2263 1723 2304 trouble
1740 2283 1742 2302 1

225 2322 316 2364 and
335 2322 393 2363 he
412 2322 516 2363 died
535 2321 586 2362 of
601 2322 847 2362 starvation
866 2322 912 2361 in
931 2333 960 2360 a
979 2320 1188 2372 dungeon
1214 2321 1258 2359 in
1278 2333 1371 2360 Λα).
1395 2321 1461 2360 33.
1523 2317 1719 2366 Tacitus,

227 2377 350 2418 Arm.
371 2378 398 2418 i.
422 2378 484 2418 13.
504 2378 545 2424 2,
560 2377 718 2429 quotes
735 2374 984 2427 Augustus,
1003 2374 1257 2426 discussing
1275 2372 1344 2413 his
1360 2386 1456 2413 own
1475 2384 1720 2420 successor,
1738 2390 1742 2435 ἰ

225 2444 275 2472 as
309 2432 471 2484 saying
507 2429 559 2470 of
593 2428 750 2471 Gallus
778 2428 933 2470 avidus
964 2433 1003 2468 et
1040 2428 1197 2469 minor.
1258 2426 1446 2481 Sejanus
1476 2438 1566 2467 was
1599 2437 1705 2467 over
1740 2439 1741 2443 ¹

225 2485 398 2526 thrown
419 2483 509 2524 and
529 2482 746 2524 executed
764 2483 809 2523 in
826 2496 918 2524 Aa).
941 2483 1008 2523 31.
1738 2505 1739 2511 ,

292 2540 309 2565 ²>
337 2538 427 2586 aa„
448 2538 566 2578 aster
584 2536 653 2577 his
672 2536 764 2578 fau.
1736 2517 1742 2590 l

230 2602 324 2651 366
