1742 2872
498 143 645 190 THE
681 143 1001 191 EPISTLES
1039 143 1129 190 OF
1164 142 1430 191 SENECA

160 263 193 314 J
219 263 297 303 θεῖ
315 273 326 312 ;
374 271 538 317 posce.
612 254 796 312 “Quid
833 254 1031 316 ergo?”
1071 257 1252 317 inquis,
1288 255 1473 301 “labor
1507 254 1710 304 frivolus

219 336 272 377 et
290 345 623 392 supervacuus
643 328 721 375 etl
743 344 892 390 quem
913 327 1127 374 humiles
1145 344 1321 374 causae
1342 330 1712 388 evocaverunt,2

217 420 319 449 non
344 409 423 450 θεῖ
452 402 647 448 malus?
669 401 694 417 ’'
755 402 868 447 Non
892 404 1050 463 magis
1075 411 1224 464 quam
1248 402 1351 458 ille,
1376 407 1461 465 qui
1493 403 1714 465 pulchris

217 478 365 524 rebus
393 476 702 538 inpenditur,
729 478 963 538 quoniam
988 478 1140 520 animi
1176 482 1254 521 est
1287 479 1395 538 ipsa
1428 476 1712 535 tolerantia,

218 566 346 614 quae
371 566 423 596 se
449 549 513 595 ad
538 549 661 595 dura
686 555 740 595 et
771 564 946 611 aspera
973 548 1204 595 hortatur
1226 566 1283 594 ac
1318 549 1470 595 dicit:
1530 556 1561 576 “
1578 549 1712 608 Quid

167 635 196 680 ὃ
219 640 379 671 cessas
398 625 416 669 ?
474 623 589 668 Non
609 629 687 669 est
710 626 801 668 viri
825 626 1005 669 timere
1030 622 1309 669 sudorem.''
1377 624 1492 669 Huc
1513 631 1566 671 et
1590 623 1715 670 illud

217 697 441 755 accedat,
477 703 536 744 ut
576 696 802 758 perfecta
842 700 999 743 virtus
1040 699 1121 753 sit,
1156 697 1431 759 aequalitas
1472 714 1530 743 ac
1570 703 1718 744 tenor

217 775 352 818 vitae
377 787 468 833 per
491 774 658 817 omnia
676 786 952 816 consonans
979 770 1087 826 sibi,
1109 770 1244 833 quod
1268 787 1371 816 non
1395 777 1566 833 potest
1591 787 1716 829 esse,

218 849 314 891 nisi
339 861 504 891 rerum
529 847 740 890 scientia
758 847 1010 905 contingit
1030 850 1083 890 et
1107 860 1200 902 ars,
1219 860 1309 906 per
1326 860 1476 906 quam
1502 844 1718 891 humana

218 936 275 966 ac
323 918 491 964 divina
535 924 818 964 noscantur.
917 918 1030 963 Hoc
1079 923 1157 963 est
1211 933 1458 964 summum
1514 919 1717 966 bonum.

221 992 372 1051 Quod
419 996 460 1038 si
506 1007 736 1053 occupas,
784 994 963 1052 incipis
1011 991 1221 1037 deorum
1269 994 1429 1037 socius
1450 1008 1575 1050 esse,
1616 1009 1719 1038 non

222 1066 446 1129 supplex.

172 1155 198 1200 9
307 1138 667 1196 “Quomodo,'’
694 1141 875 1201 inquis,
901 1141 1045 1185 “isto
1069 1138 1438 1200 pervenitur?'’
1491 1139 1607 1186 Non
1632 1155 1723 1201 per

225 1214 503 1260 Poeninum
537 1212 807 1259 Graiumve
842 1218 1069 1258 montem
1104 1228 1199 1258 nec
1235 1228 1326 1274 per
1361 1211 1560 1260 deserta
1596 1212 1722 1258 Can-

223 1288 414 1345 daviae,
449 1303 545 1333 nec
592 1285 765 1350 Syrtes
812 1286 907 1332 tibi
953 1303 1048 1332 nec
1096 1284 1263 1349 Scylla
1309 1292 1397 1332 aut
1446 1286 1722 1350 Charybdis

223 1361 486 1408 adeundae
511 1366 646 1417 sunt,
671 1375 799 1423 quae
830 1366 1003 1406 tamen
1036 1363 1203 1405 omnia
1237 1363 1458 1406 transisti
1494 1376 1724 1422 procura-

223 1434 480 1482 tiunculae
515 1437 680 1497 pretio
697 1449 710 1490 ;
763 1439 932 1479 tutum
968 1436 1067 1480 iter
1101 1439 1196 1490 est,
1230 1433 1506 1480 iucundum
1542 1439 1635 1491 est,
1659 1433 1725 1480 ad

225 1509 358 1572 quod
395 1515 574 1554 natura
619 1514 673 1554 te
714 1509 963 1554 instruxit.
1040 1506 1197 1553 Dedit
1243 1507 1337 1553 tibi
1378 1506 1480 1564 illa,
1515 1523 1644 1570 quae
1685 1510 1725 1554 si

143 1594 204 1642 10
225 1599 325 1629 non
346 1582 640 1639 deserueris,
660 1597 750 1643 par
772 1580 869 1627 deo
894 1596 1080 1644 surgeS.
1157 1580 1332 1627 Parem
1355 1586 1527 1627 autem
1550 1586 1604 1627 te
1629 1580 1726 1627 deo

226 1659 439 1719 pecunia
456 1672 559 1702 non
576 1654 729 1701 faciet
748 1671 759 1710 ;
796 1655 920 1701 deus
938 1653 1063 1700 nihil
1090 1653 1258 1701 habet.
1334 1653 1601 1701 Praetexta
1623 1671 1689 1700 no

226 1730 408 1784 faciet3
444 1729 570 1776 deus
593 1728 758 1775 nudus
783 1734 872 1774 est.
949 1728 1100 1774 Fama
1125 1745 1228 1774 non
1252 1727 1406 1775 faciet
1430 1744 1525 1775 nec
1557 1734 1726 1775 osten-

226 1807 354 1851 tatio
378 1806 454 1850 tui
480 1809 533 1849 et
556 1806 610 1848 in
634 1801 845 1864 populos
869 1805 1085 1848 nominis
1104 1801 1306 1848 dimissa
1331 1805 1541 1857 notitia3
1577 1818 1727 1848 nemo

228 1880 369 1923 novit
393 1877 562 1934 deum,
587 1876 735 1922 multi
761 1875 825 1922 de
850 1875 938 1921 illo
957 1875 1087 1921 male
1114 1878 1421 1932 existimant,
1442 1881 1495 1921 et
1518 1879 1739 1941 inpune„

232 1952 344 1996 Non
370 1951 518 1997 turba
542 1966 795 1996 servorum
820 1949 1051 1995 lecticam
1071 1955 1209 1995 tuam
1230 1965 1321 2011 per
1343 1951 1525 1995 itinera
1539 1949 1730 1996 urbana

711 2049 726 2074 ¹
755 2054 794 2090 et
814 2048 999 2095 Hense;
1029 2053 1089 2089 est
1109 2046 1239 2089 MSS.

495 2103 512 2127 2
540 2107 819 2144 evocaverunt
841 2102 1023 2149 Haase;
1053 2107 1311 2143 vocaverunt
1332 2100 1461 2143 MSS.

298 2219 319 2238 α
347 2212 435 2257 i.a.‚
456 2210 738 2263 philosophy.

300 2267 316 2291 ὸ
343 2264 438 2305 The
459 2263 600 2306 Great
619 2263 684 2304 St.
710 2262 909 2304 Bernard
924 2262 1013 2302 and
1028 2262 1106 2302 the
1123 2261 1259 2303 Little
1279 2261 1344 2304 St.
1368 2261 1565 2302 Bernard
1581 2265 1706 2302 route

235 2318 638 2413 overlghrengllrpgdin
658 2373 703 2411 in
725 2370 892 2422 Illyria,
915 2383 1020 2410 over
1039 2369 1183 2409 which
1208 2369 1286 2410 the
1315 2369 1399 2410 Via
1418 2369 1614 2423 Eynatz’a
1633 2382 1712 2409 ran

302 2428 323 2452 ’ἰ
350 2426 615 2479 Dangerous
637 2423 928 2478 quick-sands
948 2423 1083 2475 along
1096 2423 1176 2463 the
1197 2423 1326 2463 north
1349 2426 1476 2464 coast
1493 2423 1544 2462 of
1560 2422 1714 2463 Africa

239 2534 279 2575 L
304 2488 320 2506 ⁶
337 2480 443 2574 i'lIJhc
475 2485 575 2532 toqa
600 2483 841 2533 praetexta,
878 2477 1025 2530 badge
1065 2477 1115 2517 of
1149 2476 1227 2518 the
1261 2476 1420 2518 official
1453 2478 1647 2530 position
1686 2489 1714 2517 ο

279 2547 335 2575 uc
368 2546 451 2575 ius.

241 2597 338 2646 226
