1742 2872
505 141 651 190 THE
686 143 1007 190 EPISTLES
1043 143 1133 190 OF
1169 141 1435 190 SENECA

144 313 159 317 -
223 258 453 298 naturam
504 266 642 296 suam
694 253 874 296 vivere.
970 249 1072 296 Sed
1122 248 1252 295 hanc
1299 248 1548 295 difficilem
1596 246 1717 296 facit

223 342 499 386 communis
534 341 757 393 insania3
799 341 852 383 in
887 341 1008 384 vitia
1043 337 1171 383 alter
1204 337 1419 383 alterum
1453 336 1714 384 trudimuS.

224 426 489 484 Quomodo
523 432 694 472 autem
729 428 946 471 revocari
981 425 1046 471 ad
1081 425 1291 471 salutem
1334 430 1559 486 possunt,
1594 440 1742 487 quosi

223 531 373 561 nemo
398 518 601 572 retinet,
625 513 838 576 populus
863 512 1099 575 inpellit?
1168 512 1317 559 VALE..
1740 503 1742 505 ¹

892 767 1053 815 XLII.
1735 757 1742 860 g

1735 865 1742 904 Ε

1734 907 1742 942 J

571 908 764 957 SENECA
804 907 1004 956 Lvmuo
1039 924 1123 955 svo
1159 923 1376 955 SALVTEM
1733 958 1742 990 Ι

174 1045 197 1093 1
311 1049 415 1095 Iam
463 1049 555 1095 tibi
598 1052 694 1095 iste
737 1050 982 1111 persuasit
1029 1050 1211 1094 virum
1236 1063 1288 1094 se
1336 1048 1525 1094 bonum
1572 1063 1681 1096 esse
1692 1009 1742 1096 5⁵⁷i

224 1137 382 1201 Atqui
407 1140 480 1183 vir
503 1137 662 1183 bonus
696 1141 800 1182 tam
834 1140 935 1182 cito
959 1152 1056 1182 nec
1091 1135 1197 1182 fieri
1233 1142 1403 1198 potest
1439 1153 1532 1183 nec
1568 1115 1742 1219 ἰητθΙ-ε

222 1225 338 1288 legi.
412 1224 517 1271 Scis
543 1240 693 1287 quem
719 1241 852 1270 nunc
877 1227 1036 1270 virum
1064 1224 1253 1270 bonum
1277 1223 1478 1270 dicam?
1554 1221 1742 1273 Huius⁹

221 1313 471 1360 secundae
513 1319 678 1360 notae.
756 1313 885 1358 Nam
926 1311 1012 1359 ille
1047 1311 1179 1359 alter
1213 1311 1423 1359 fortasse
1462 1318 1742 1391 tamquami‘

221 1401 442 1464 phoenix
483 1400 637 1447 semel
682 1416 814 1447 anno
850 1403 1259 1463 quingentesimo
1300 1404 1532 1448 nascitur.
1610 1393 1742 1461 Nec&¹

221 1496 299 1536 est
323 1492 502 1535 mirum
535 1505 596 1536 ex
629 1489 897 1536 intervallo
935 1505 1117 1551 magna
1152 1493 1382 1551 generari
1400 1506 1413 1546 ;
1447 1470 1739 1537 mediocria³

220 1583 273 1625 et
298 1581 350 1623 in
374 1578 571 1624 turbam
598 1580 858 1624 nascentia
875 1593 1025 1639 saepe
1046 1576 1247 1623 fortuna
1272 1577 1520 1640 producit,
1537 1563 1740 1637 eximia‡‡

220 1681 337 1712 vero
362 1669 468 1727 ipsa
493 1668 698 1712 raritate
723 1664 1060 1712 commendat.

169 1755 198 1801 2
305 1752 407 1800 Sed
447 1757 543 1800 iste
580 1752 798 1799 multum
835 1752 999 1799 adhuc
1034 1753 1179 1800 abest
1218 1753 1283 1800 ab
1324 1770 1400 1812 eo,
1435 1753 1571 1817 quod
1605 1770 1731 1816 pro--

220 1841 404 1888 fitetur.
478 1841 546 1887 Et
578 1844 618 1887 si
654 1844 820 1898 sciret,
845 1840 967 1904 quid
1004 1847 1138 1887 esset
1176 1845 1249 1887 vir
1283 1842 1458 1899 bonus,
1492 1842 1716 1889 nondum

220 1945 328 1976 esse
353 1945 406 1976 se
431 1928 678 1987 crederet,
697 1928 907 1976 fortasse
933 1932 1085 1976 etiam
1111 1929 1215 1976 fieri
1240 1945 1384 1992 posse
1410 1929 1737 1997 desperarem

219 2016 339 2064 “At
384 2017 515 2064 male
564 2020 818 2063 existimat
865 2016 930 2063 de
978 2016 1168 2064 malis.''
1243 2017 1358 2064 Hoc
1405 2021 1558 2064 etiam
1599 2019 1717 2066 mali

218 2104 427 2164 faciunt,
469 2122 562 2152 nec
603 2104 706 2151 ulla
752 2108 909 2151 maior
948 2121 1111 2167 poena
1151 2108 1407 2168 nequitiae
1448 2112 1526 2153 est
1566 2122 1733 2169 quam2

167 2195 196 2242 3
220 2193 354 2257 quod
379 2193 471 2240 sibi
504 2209 562 2239 ac
587 2197 687 2239 suis
712 2192 960 2255 displicet.
1035 2197 1066 2220 “
1083 2193 1154 2239 At
1177 2193 1285 2240 odit
1310 2210 1411 2251 eos,
1435 2198 1520 2256 qui
1553 2195 1718 2242 subita
1731 2191 1736 2207 ¹

219 2288 273 2328 et
296 2297 480 2344 magna
497 2284 729 2344 potentia
747 2284 1041 2343 inpotenter
1061 2281 1316 2328 utuntur.'’
1379 2281 1523 2329 Idem
1548 2273 1735 2348 faciet,t

1633 2380 1715 2387 -ῃ

284 2426 306 2445 ⁰
334 2418 505 2460 Seneca
533 2418 762 2460 doubtless
792 2418 874 2460 has
907 2421 952 2460 in
987 2419 1112 2460 mind
1139 2419 1218 2460 the
1247 2419 1422 2461 famous
1451 2433 1642 2474 passage
1670 2401 1728 2462 of:

218 2471 485 2519 Simonides,
504 2474 612 2525 ἄνδρ’
630 2476 785 2524 ἀγαθὸν
800 2477 872 2521 μὲν
889 2477 1046 2524 ἀληθῶς
1061 2476 1251 2527 γενέσθαι
1265 2477 1467 2525 χαλεπόν,
1485 2472 1726 2519 discusseds

219 2526 280 2580 by
303 2526 447 2575 Plato,
469 2528 754 2581 Protayoras,
776 2530 856 2568 339
876 2543 920 2571 Α.
1724 2526 1725 2532 ’

221 2595 316 2642 278
1721 2619 1723 2646 ἦ

1720 2678 1722 2717 r
