1742 2872
450 109 597 155 THE
634 108 953 157 EPISTLES
991 109 1080 157 OF
1116 86 1383 157 SENECA

169 236 294 278 esse,
318 219 453 283 quod
478 219 574 266 deo
598 225 675 266 sat
699 225 790 266 est.
865 218 966 276 Qui
991 219 1185 278 colitur,
1219 227 1273 267 et
1304 227 1528 278 amatur3
1563 240 1663 269 non
1734 227 1742 244 “

85 291 146 353 Ῑζ)
169 304 338 361 potest
372 314 510 344 amor
551 314 664 344 cum
707 301 901 345 timore·
922 301 1132 345 misceri.
1209 298 1502 346 Rectissime
1545 317 1663 364 ergo

167 376 332 423 facere
375 382 428 423 te
462 376 644 433 iudico,
681 376 814 439 quod
856 379 1021 422 timeri
1056 393 1085 421 a
1121 379 1272 423 servis
1307 380 1405 423 tuis
1440 394 1542 424 non
1576 382 1664 435 vis,

169 454 305 518 quod
330 455 592 501 verborum
617 457 946 517 castigatione
973 458 1150 509 uteris;
1186 454 1473 501 verberibus
1498 457 1660 503 muta¹

167 533 515 580 admonentur.
1118 524 1121 526 ’
1279 546 1282 548 ·

253 611 367 657 Non
405 610 644 674 quicquid
690 627 781 656 nos
826 609 1052 668 offendit,
1089 615 1143 656 et
1190 609 1358 657 laedit.
1454 610 1555 658 Sed
1601 611 1664 658 ad

168 690 357 736 rabiem
392 688 516 735 nos2
562 694 751 751 cogunt
787 695 1047 750 pervenire
1086 687 1311 745 deliciae,
1339 695 1394 735 ut
1429 690 1664 752 quicquid

84 773 148 820 20
170 785 271 815 non
319 784 382 814 ex
428 766 689 814 voluntate
738 766 1012 829 respondit,
1047 769 1169 812 iram
1207 772 1396 813 evocet.
1471 767 1665 830 Regum

171 846 313 892 nobis
355 844 608 892 induimus
649 848 852 891 animos.
927 845 1057 890 Nam
1092 844 1165 890 illi
1201 861 1400 908 quoque
1436 845 1578 892 obliti
1615 852 1669 892 et

171 940 369 971 suarum
410 926 588 970 virium
624 929 677 970 et
712 922 1055 969 inbecillitatis
1089 922 1282 969 alienae
1319 926 1387 969 sic
1424 923 1669 970 excande-

171 1007 334 1060 scunt,
360 1005 428 1048 sic
464 1004 708 1058 saeviunt,
733 1004 873 1064 quasi
898 1003 1127 1047 iniuriam
1152 1004 1454 1063 acceperint,
1465 980 1508 1059 (a
1533 1004 1670 1047 cuius

171 1083 243 1127 rei
266 1079 489 1143 periculo
514 1079 625 1125 illos
650 1078 882 1125 fortunae
915 1095 1033 1127 suae
1069 1078 1365 1142 magnitudo
1397 1082 1671 1125 tutissimos
1736 1089 1738 1092 “

171 1164 406 1222 praestat.
482 1157 590 1204 Nec
615 1157 710 1204 hoc
734 1160 984 1220 ignorant,
1009 1156 1097 1203 sed
1122 1160 1432 1203 occasionem
1457 1157 1671 1204 nocendi
1712 1185 1715 1191 -
1740 1200 1742 1227 ἦ

172 1243 379 1301 captant
403 1235 691 1299 querendo;
726 1241 1031 1298 acceperunt
1055 1238 1285 1281 iniuriam
1310 1240 1368 1281 ut
1392 1226 1635 1360 facerem?
1740 1228 1742 1240 ¹

88 1326 146 1372 21
260 1315 463 1362 Diutius
511 1320 564 1361 te
612 1317 790 1360 morari
831 1313 977 1368 nolo;
1024 1329 1126 1359 non
1169 1318 1246 1360 est
1289 1316 1422 1359 enim
1459 1313 1552 1360 tibi
1621 1330 1650 1359 x

174 1393 458 1440 hortatione
516 1408 653 1455 opus.
754 1391 867 1437 Hoc
921 1390 1113 1438 habent
1161 1378 1294 1437 inter
1340 1397 1510 1437 cetera
1555 1390 1674 1437 boni
1737 1437 1739 1442 ,

172 1488 365 1519 mores:
413 1470 619 1534 placent
653 1470 763 1527 sibi,
788 1475 1099 1532 permanent.
1160 1467 1322 1515 ‘Levis
1354 1474 1433 1515 est
1469 1467 1674 1526 malitia,
1736 1462 1742 1506 l¹

174 1566 324 1613 saepe
348 1555 587 1607 mutatur,
617 1564 716 1594 non
740 1551 793 1594 in
817 1547 1010 1606 melius,
1036 1547 1125 1593 sed
1150 1550 1202 1593 in
1226 1546 1374 1594 aliud.
1435 1538 1600 1593 'Vim
1734 1547 1737 1555 ’

804 1742 1042 1790 XLVIII.

514 1865 710 1913 Sanam
747 1864 948 1911 chmo
985 1879 1069 1910 svo
1106 1878 1323 1909 SALVTEM

127 1983 150 2032 l
263 1986 343 2033 Ad
381 1985 664 2049 epistulam,
697 1999 847 2047 quam
882 1981 1006 2030 mihi
1041 1997 1103 2029 ex
1138 1966 1320 2029 itinere
1355 1985 1550 2040 misisti,
1575 1988 1678 2029 tam

176 2065 379 2129 longam
404 2079 554 2127 quam
577 2066 743 2126 ipsum
765 2065 863 2108 iter
894 2060 1007 2118 suit,
1032 2066 1207 2123 postea
1240 2060 1517 2107 rescribam.
1591 2059 1679 2107 Se-

177 2143 361 2190 ducere
403 2158 483 2188 me
523 2140 686 2188 debeo
728 2145 782 2187 et
828 2137 951 2203 quid
997 2137 1233 2185 suadeam
1281 2140 1673 2200 circumspicere.

179 2221 309 2268 Nam
356 2227 412 2267 tu
460 2235 676 2283 quoque,
724 2221 810 2281 qui
869 2216 1102 2274 consulis,
1149 2215 1234 2263 diu
1281 2233 1346 2262 an
1394 2215 1684 2263 consuleres„
1719 2238 1723 2274 ῳ

177 2301 438 2362 cogitasti3
497 2303 686 2360 quanto
733 2299 891 2358 magis
938 2293 1032 2341 hoc
1080 2293 1203 2340 mihi
1250 2292 1536 2341 faciendum
1585 2300 1680 2352 est,
1717 2303 1723 2341 ὲ

245 2408 258 2433 1
287 2411 410 2448 muta
433 2405 701 2453 Pincianus;
731 2404 871 2446 multa
889 2403 980 2444 and
1006 2404 1291 2445 admoventur
1316 2416 1366 2443 or
1390 2403 1681 2444 admonentur

180 2460 444 2570 MS²Sc⁸oqunt
465 2514 536 2568 pL
553 2530 564 2562 ς
594 2526 718 2554 some
739 2513 851 2554 later
871 2510 1000 2553 MSS.
1025 2510 1116 2552 and
1137 2510 1391 2551 Macrobius
1412 2510 1500 2551 add
1521 2522 1610 2552 nos.
1638 2541 1642 2548 .
1713 2502 1715 2511 ¹

182 2588 279 2629 312
