1742 2872
489 151 637 199 THE
672 151 993 199 EPISTLES
1030 149 1120 198 oF
1149 124 1422 198 'SENECA

150 307 174 312 „
208 257 530 316 adnotantur,
554 261 671 320 quia
701 274 839 304 rarae
871 261 1073 304 interim
1106 261 1466 315 interveniunt,
1489 260 1606 320 quia
1628 260 1704 303 in-

210 331 523 387 expectatae,
559 328 676 388 quja
709 328 891 371 mirum
926 331 1004 371 est
1040 324 1238 371 fortiter
1272 324 1461 387 aliquid
1501 324 1600 371 dici
1639 325 1705 370 ab

209 391 413 438 homine
448 391 710 438 mollitiam
742 392 975 453 professo.
1051 390 1130 437 Ita
1162 394 1297 437 enim
1321 391 1547 454 plerique
1578 391 1706 437 iudi-

211 465 341 505 cant.
415 459 568 521 Apud
602 476 684 505 me
721 459 965 520 Epicurus
1002 464 1080 504 est
1115 464 1169 504 et
1200 458 1357 516 fortis,
1381 458 1502 505 licet
1531 475 1706 504 manu-

211 526 381 573 leatus
419 529 496 573 sit.
595 525 859 572 Fortitudo
914 531 967 572 et
1013 525 1258 571 industria
1308 531 1362 572 et
1407 525 1471 572 ad
1518 524 1707 571 bellum

212 599 445 655 prompta
481 608 623 640 mens
660 598 764 639 tam
802 595 855 638 in
893 592 1064 639 Persas
1101 608 1250 655 quam
1285 595 1338 638 in
1379 592 1481 639 alte
1517 595 1708 638 cinctos

213 659 361 706 cadit.

159 723 189 770 3
299 727 414 772 Non
450 733 528 773 est
564 743 683 789 ergo
725 726 860 789 quod
897 729 1066 788 exigas
1102 732 1339 788 excerpta
1375 731 1428 772 et
1462 729 1708 788 repetita3

213 796 509 840 continuum
544 800 623 840 est
656 793 792 856 apud
822 800 1016 840 nostros
1051 793 1290 856 quicquid
1320 792 1455 855 apud
1478 792 1599 840 alios
1624 809 1709 839 ex-

214 864 447 923 cerpitur.
540 861 655 907 Non
702 860 944 907 habemus
990 864 1162 923 itaque
1208 863 1304 907 ista
1349 859 1571 907 ocliferia
1614 874 1712 906 nec

214 933 495 990 emptorem
513 927 790 990 decipimus
807 926 933 974 nihil
949 930 1289 985 inventurum,
1305 944 1418 974 cum
1432 930 1710 984 intraverit,

214 1001 415 1058 praeter
459 995 560 1052 illa,
603 1010 731 1058 quae
775 998 829 1041 in
874 994 1041 1041 fronte
1083 1010 1321 1056 suspensa
1362 1000 1492 1040 sunt.
1583 993 1710 1055 Ipsis

162 1058 192 1104 4
214 1065 568 1124 permittimus,
602 1061 739 1108 unde
773 1061 934 1108 velint
966 1077 1161 1108 sumere
1194 1061 1508 1123 exemplaria.
1583 1060 1711 1107 Puta

215 1145 306 1175 nos
347 1129 477 1176 velle
520 1129 795 1191 singulares
837 1131 1114 1175 sententias
1162 1144 1225 1175 ex
1265 1129 1413 1175 turba
1453 1143 1709 1190 separare3

216 1199 295 1242 cui
342 1196 452 1242 illas
498 1197 911 1259 adsignabimus?
1003 1196 1191 1242 Zenoni
1246 1212 1311 1242 an
1364 1194 1598 1242 Cleanthi
1645 1211 1710 1241 an

217 1263 495 1326 Chrysippo
530 1280 594 1309 an
638 1262 877 1309 Panaetio
911 1279 977 1309 an
1014 1262 1313 1309 Posidonio?
1386 1263 1501 1308 Non
1541 1276 1710 1308 sumus

215 1330 308 1376 sub
353 1346 507 1392 rege3
566 1331 660 1376 sibi
705 1333 916 1394 quisque
963 1345 1017 1376 se
1063 1329 1297 1376 vindicat.
1391 1328 1541 1392 Apud
1590 1332 1710 1375 istos

215 1397 453 1460 quicquid
503 1397 844 1444 Hermarchus
891 1396 1034 1454 dixit,
1081 1396 1319 1460 quicquid
1377 1396 1710 1453 Metrodorus,
1741 1410 1742 1413 ’

215 1464 279 1510 ad
319 1481 476 1510 unum
516 1464 745 1511 refertur.
835 1463 1020 1511 Omnia
1059 1479 1188 1526 quae
1229 1467 1490 1526 quisquam
1532 1467 1584 1509 in
1625 1462 1710 1509 illo

215 1532 545 1578 contubernio
592 1531 788 1578 locutus
844 1537 937 1589 est,
983 1534 1130 1577 unius
1177 1530 1332 1577 ductu
1381 1537 1434 1577 et
1481 1532 1710 1592 auspiciis

216 1597 352 1645 dicta
376 1604 507 1645 sunt.
572 1599 687 1645 Non
705 1614 982 1661 possumus,
1001 1601 1222 1661 inquam,
1240 1598 1362 1644 licet
1385 1604 1708 1660 temptemus,

216 1665 430 1712 educere
445 1665 635 1728 aliquid
650 1681 712 1712 ex
727 1672 870 1712 tanta
888 1681 1054 1712 rerum
1068 1665 1353 1729 aequalium
1368 1664 1708 1711 multitudine.

594 1772 807 1826 Pauperis
827 1775 898 1814 est
916 1785 1150 1813 numerare
1169 1785 1319 1826 pecus.

283 1907 305 1925 ⁰
333 1898 603 1940 Contrasted
654 1899 761 1940 with
809 1899 895 1940 alte
941 1899 1112 1940 cinctos.
1192 1898 1287 1939 The
1337 1898 1572 1939 sleeveless
1621 1897 1729 1938 and¹

219 1953 472 2006 “girt-up”
499 1955 624 1994 tunic
649 1955 687 1994 is
716 1953 795 1994 the
824 1955 924 2006 sign
951 1953 1003 1994 of
1027 1966 1134 1993 ener
1213 1969 1226 2001 ;
1255 1966 1276 1993 c
1299 1984 1309 1994 .
1336 1952 1531 2000 Horace,
1555 1951 1646 1993 Sat.
1678 1949 1731 1993 i.*

218 2010 256 2049 5.
287 2011 329 2054 5,
350 2006 441 2047 and
470 2006 726 2054 Suetonius,
757 2007 974 2060 Οαίᾕοαῑα,
1006 2009 1087 2047 52:
1116 1966 1198 2047 ῒὶζ
1225 2020 1250 2047 e
1286 2007 1481 2047 eminate
1510 1993 1742 2059 Caligula*

217 2060 367 2156 {wouldl
387 2067 416 2156 ‘t‘
448 2075 615 2132 appear
651 2063 697 2102 in
736 2061 886 2115 public
917 2060 1025 2102 with
1060 2075 1087 2101 a
1124 2060 1430 2114 long-sleeved
1462 2062 1587 2101 tunic
1620 2053 1742 2118 andss

251 2128 351 2155 rave
369 2128 394 2155 e
417 2128 451 2156 s.

284 2170 300 2195 ὃ
331 2168 445 2209 Who
465 2182 582 2210 wore
602 2169 785 2211 sleeves.

285 2230 300 2248 ‘³
328 2223 420 2270 i-e„
441 2223 519 2264 the
539 2223 827 2276 Epicureans.

268 2274 305 2303 'd
336 2276 422 2317 For
449 2278 527 2318 the
554 2277 716 2330 phrase
746 2279 878 2319 ductu
905 2282 944 2319 et
972 2277 1177 2331 auspiciis
1205 2289 1280 2318 see
1310 2270 1528 2323 Plautus?
1541 2275 1706 2329 Amph,
1739 2285 1742 2289 ⁴

218 2332 247 2373 i.
275 2334 310 2372 1.
337 2334 384 2370 41
407 2336 458 2372 ut
481 2331 655 2384 yesserit
673 2345 764 2372 rem
789 2331 1006 2385 publicam
1031 2333 1164 2373 ductu
1188 2331 1369 2384 imperio
1393 2330 1585 2384 auspicio
1604 2344 1710 2377 suoz

219 2384 310 2425 and
345 2384 538 2432 Horace,
576 2384 654 2427 od.
691 2386 720 2427 i.
758 2388 796 2426 7.
834 2388 886 2426 97
929 2385 1085 2426 Teucro
1119 2385 1223 2426 duce
1255 2389 1295 2425 et
1327 2384 1498 2438 auspice
1535 2384 1724 2425 Teucros

220 2438 315 2479 The
335 2439 521 2491 original
542 2438 829 2492 significance
847 2438 899 2479 of
913 2438 992 2479 the
1011 2438 1172 2491 phrase
1197 2437 1336 2479 refers
1361 2441 1407 2479 to
1428 2438 1505 2479 the
1525 2437 1645 2491 right
1664 2435 1713 2478 of

220 2492 297 2533 the
317 2492 812 2533 commander-in-chief
825 2496 874 2533 to
892 2493 1000 2533 take
1019 2492 1097 2533 the
1116 2494 1320 2546 auspices

286 2555 301 2572 Θ
330 2546 463 2594 Ovid‚
485 2547 865 2601 Metamorphoses,
886 2548 975 2588 xiii.
1000 2549 1092 2588 824.

221 2617 320 2659 234·
