1742 2872
521 190 667 237 THE
703 192 1023 241 EPISTLES
1058 193 1149 240 OF
1185 193 1451 241 SENECA

156 360 179 365 *q
239 297 377 345 lucro
409 306 583 363 captus
607 318 702 348 nec
727 306 968 350 varietate
992 302 1223 350 fortunae
1248 307 1553 366 perterritus.
1629 304 1731 352 De-

240 373 396 419 trahit
419 377 668 422 amicitiae
690 379 1007 423 maiestatem
1037 393 1191 435 suam,
1216 381 1302 440 qui
1333 378 1471 423 illam
1502 384 1644 441 parat
1666 378 1729 426 ad

241 446 396 493 bonos
421 464 573 495 casus.

160 515 220 561 13
326 519 390 567 Se
411 528 679 569 contentus
699 530 776 570 est
796 527 1005 586 sapiens.
1070 524 1200 583 Hoc,
1218 529 1286 571 mi
1309 525 1486 582 Lucili,
1505 525 1731 589 plerique

240 611 504 657 perperam
550 599 977 659 interpretantur3
1030 602 1312 661 sapientem
1357 599 1576 662 undique
1617 600 1731 646 sub-

240 675 446 717 movent
465 676 518 716 et
536 674 668 717 intra
687 678 856 719 cutem
875 689 1014 719 suam
1033 680 1235 735 cogunt.
1300 672 1731 736 Distinguendum

239 750 411 790 autem
427 750 521 802 est,
538 745 659 808 quid
676 751 729 792 et
745 752 992 808 quatenus
1008 763 1103 793 vox
1121 750 1218 793 ista
1234 751 1521 810 promittat3
1547 763 1599 794 se
1615 764 1733 794 con-

239 824 413 864 tentus
430 825 508 865 est
519 822 716 881 sapiens
725 820 789 865 ad
799 821 949 867 beate
959 820 1246 878 vivendum,
1257 837 1360 867 non
1370 821 1435 868 ad
1445 821 1728 870 vivendum.

241 891 323 938 Ad
342 891 436 938 hoc
456 896 592 939 enim
607 893 779 940 multis
798 894 870 939 illi
889 895 1038 941 rebus
1052 911 1176 957 opus
1196 901 1290 952 est,
1306 895 1370 941 ad
1389 894 1515 941 illud
1531 901 1742 957 tantumj

238 969 405 1011 animo
431 983 550 1012 sano
575 973 629 1014 et
653 974 822 1014 erecto
848 975 902 1015 et
925 968 1238 1031 despiciente
1263 968 1530 1015 fortunam.

155 1034 217 1082 14
324 1039 449 1086 Volo
474 1041 567 1087 tibi
593 1040 856 1104 Chrysippi
880 1059 1080 1105 quoque
1099 1042 1477 1090 distinctionem
1495 1042 1742 1105 indicare}

240 1114 330 1160 Ait
371 1118 650 1177 sapientem
691 1115 830 1162 nulla
864 1132 917 1163 re
955 1133 1121 1179 egere,
1159 1123 1213 1163 et
1247 1122 1417 1163 tamen
1453 1116 1624 1162 multis
1659 1115 1730 1163 ill·

238 1189 386 1234 rebus
411 1205 534 1251 opus
560 1205 681 1236 esse.
755 1190 988 1236 “Contra
1022 1190 1179 1237 stulto
1214 1189 1353 1236 nulla
1387 1207 1440 1237 re
1477 1207 1600 1253 opus
1637 1196 1715 1238 est

238 1262 377 1309 nulla
401 1266 536 1310 enim
567 1279 620 1310 re
651 1267 724 1309 uti
750 1267 858 1320 scit,
884 1264 973 1311 sed
1004 1265 1234 1311 omnibus
1267 1264 1433 1326 eget.’'
1506 1263 1690 1326 Sapien

240 1343 292 1382 et
329 1338 558 1384 manibus
591 1344 645 1384 et
680 1338 834 1384 oculis
868 1345 921 1385 et
949 1337 1120 1385 multis
1151 1339 1215 1385 ad
1248 1338 1552 1385 cotidianum
1588 1355 1678 1385 usu

238 1415 527 1458 necessariis
574 1428 697 1474 opus
745 1419 838 1470 est,
875 1419 995 1475 eget
1040 1412 1178 1459 nulla
1223 1429 1290 1459 re.
1386 1413 1550 1476 Egere
1598 1416 1679 1459 eni

156 1486 217 1532 15
239 1489 551 1532 necessitatis
599 1492 692 1544 est,
734 1485 860 1532 nihil
917 1503 1123 1534 necesse
1170 1490 1385 1549 sapienti
1433 1492 1524 1533 est.
1598 1487 1722 1550 Erg'

238 1563 462 1622 quamvis
502 1576 555 1606 se
596 1563 703 1622 ipso
745 1567 1013 1608 contentus
1049 1564 1130 1618 sit,
1165 1564 1335 1607 amicis
1370 1560 1443 1607 illi
1479 1577 1603 1622 opus
1638 1566 1731 1611 esth⁴

240 1633 350 1681 Hos
374 1637 515 1696 cupit
533 1633 718 1681 habere
743 1651 893 1698 quam
917 1635 1171 1698 plurimos,
1192 1651 1294 1681 non
1317 1640 1376 1681 ut
1400 1634 1550 1681 beate
1569 1637 1702 1681 vivat
1717 1648 1730 1661 ·

236 1711 373 1755 vivet
428 1712 561 1755 enim
621 1713 774 1755 etiam
832 1712 940 1756 sine
998 1713 1168 1756 amicis
1215 1709 1376 1755 beate.
1474 1707 1679 1755 Summu

236 1783 422 1829 bonum
450 1786 758 1830 extrinsecus
792 1786 1128 1830 instrumenta
1162 1799 1264 1829 non
1297 1786 1505 1846 quaerit.
1582 1782 1711 1828 Dom

235 1856 432 1914 colitur,
481 1873 542 1903 ex
590 1874 642 1903 se
689 1863 854 1904 totum
903 1863 992 1904 est.
1090 1857 1275 1919 Incipit
1332 1856 1563 1903 fortunae
1623 1872 1700 1902 ess

236 1931 555 1988 subiectum,1
582 1934 621 1977 si
646 1948 796 1994 quam
820 1938 1015 1994 partem
1041 1935 1115 1977 sui
1140 1931 1256 1977 foris
1281 1933 1489 1993 quaerit.

152 1996 212 2044 16
320 2004 541 2063 “Qualis
583 2011 755 2052 tamen
796 2004 964 2052 futura
1003 2011 1080 2051 est
1127 2008 1228 2052 vita
1270 2007 1525 2066 sapientis,
1551 2007 1590 2050 si
1626 2006 1700 2050 sin

235 2082 405 2124 amicis
453 2079 764 2142 relinquatur
809 2083 862 2126 in
908 2078 1187 2125 custodiam
1234 2082 1507 2135 coniectuS,
1554 2077 1634 2124 vel
1680 2080 1695 2123 i

235 2152 399 2215 aliqua
446 2159 602 2215 gente
644 2153 808 2199 aliena
845 2153 1135 2211 destitutus,
1177 2152 1258 2199 vel
1309 2155 1360 2198 in
1415 2155 1699 2214 navigation

235 2225 384 2289 longa
430 2233 675 2284 retentus,
721 2234 810 2274 aut
855 2231 908 2273 in
967 2227 1224 2273 desertum
1273 2225 1400 2272 ‘litus
1460 2226 1685 2272 eiectus?
1740 2248 1742 2250 ·

516 2334 529 2359 ¹
559 2335 793 2376 subiectum
813 2335 1055 2382 Erasmus3
1085 2333 1296 2374 subiectus
1316 2332 1446 2374 MSS.

301 2450 323 2522 ’Ξ
351 2442 419 2536 qs
439 2441 836 2506 his-Ffay..mor.al.
864 2444 943 2482 674
961 2454 1049 2482 von
1070 2439 1242 2481 Arnim.
1409 2495 1417 2502 ·
1541 2492 1564 2532 f

237 2555 268 2573 ..
283 2554 332 2591 ω
355 2496 737 2591 υὲῗηᾱῷῗὲῖρὲἕὲ
751 2493 1540 2610 sffmssssfissssgffisssssffisa‘ssfflssfi‚5
1593 2500 1742 2630 3223}

236 2609 266 2628 ‘⁶
281 2608 328 2645 to
348 2604 462 2645 have
481 2604 596 2645 need
615 2604 666 2645 of
679 2603 704 2619 '⁹
723 2604 979 2657 something
997 2603 1141 2644 which
1163 2616 1248 2643 one
1268 2616 1350 2643 can
1372 2602 1430 2643 do
1450 2604 1526 2643 wit
1559 2603 1650 2641 out.
1716 2638 1720 2641 ,

236 2675 300 2718 50
