<?xml version="1.0" encoding="UTF-8"?>
<!DOCTYPE html PUBLIC "-//W3C//DTD XHTML 1.0 Transitional//EN"
    "http://www.w3.org/TR/xhtml1/DTD/xhtml1-transitional.dtd">
<html xmlns="http://www.w3.org/1999/xhtml" xml:lang="en" lang="en">
 <head>
  <title>
</title>
<meta http-equiv="Content-Type" content="text/html;charset=utf-8" />
  <meta name='ocr-system' content='tesseract 3.04.00' />
  <meta name='ocr-capabilities' content='ocr_page ocr_carea ocr_par ocr_line ocrx_word'/>
</head>
<body>
  <div class='ocr_page' id='page_1' title='image "adluciliumepistu01seneuoft_0434.png"; bbox 0 0 1742 2872; ppageno 0'>
   <div class='ocr_carea' id='block_1_1' title="bbox 488 117 1416 166">
    <p class='ocr_par' dir='ltr' id='par_1_1' title="bbox 488 117 1416 166">
     <span class='ocr_line' id='line_1_1' title="bbox 488 117 1416 166; baseline -0.003 0"><span class='ocrx_word' id='word_1_1' title='bbox 488 119 635 166; x_wconf 93' lang='lat' dir='ltr'><strong>THE</strong></span> <span class='ocrx_word' id='word_1_2' title='bbox 670 118 990 166; x_wconf 90' lang='lat' dir='ltr'>EPISTLES</span> <span class='ocrx_word' id='word_1_3' title='bbox 1027 118 1116 165; x_wconf 92' lang='lat' dir='ltr'><strong>OF</strong></span> <span class='ocrx_word' id='word_1_4' title='bbox 1151 117 1416 166; x_wconf 88' lang='lat' dir='ltr'><strong>SENECA</strong></span> 
     </span>
    </p>
   </div>
   <div class='ocr_carea' id='block_1_2' title="bbox 116 224 1742 445">
    <p class='ocr_par' dir='ltr' id='par_1_2' title="bbox 116 216 1742 445">
     <span class='ocr_line' id='line_1_2' title="bbox 207 224 1742 285; baseline -0.003 -11"><span class='ocrx_word' id='word_1_5' title='bbox 207 227 422 274; x_wconf 82' lang='lat' dir='ltr'><strong>aliunde.</strong></span> <span class='ocrx_word' id='word_1_6' title='bbox 496 227 629 285; x_wconf 83' lang='lat' dir='ltr'>Quia</span> <span class='ocrx_word' id='word_1_7' title='bbox 674 245 776 274; x_wconf 91' lang='lat' dir='ltr'><strong>non</strong></span> <span class='ocrx_word' id='word_1_8' title='bbox 823 234 901 274; x_wconf 83' lang='lat' dir='ltr'><strong>est</strong></span> <span class='ocrx_word' id='word_1_9' title='bbox 938 228 1088 273; x_wconf 87' lang='lat' dir='ltr'><strong>alieni</strong></span> <span class='ocrx_word' id='word_1_10' title='bbox 1126 229 1361 282; x_wconf 85' lang='lat' dir='ltr'><strong>muneris,</strong></span> <span class='ocrx_word' id='word_1_11' title='bbox 1396 241 1462 271; x_wconf 93' lang='lat' dir='ltr'><strong>ne</strong></span> <span class='ocrx_word' id='word_1_12' title='bbox 1509 224 1742 271; x_wconf 67' lang='lat' dir='ltr'><strong>arbitri&#39;⁴</strong></span> 
     </span>
     <span class='ocr_line' id='line_1_3' title="bbox 116 301 1716 368; baseline -0.001 -17"><span class='ocrx_word' id='word_1_13' title='bbox 116 341 142 346; x_wconf 19' lang='lat' dir='ltr'><strong>a</strong></span> <span class='ocrx_word' id='word_1_14' title='bbox 207 305 409 368; x_wconf 91' lang='lat' dir='ltr'><strong>quidem</strong></span> <span class='ocrx_word' id='word_1_15' title='bbox 453 305 604 352; x_wconf 81' lang='lat' dir='ltr'><strong>alieni</strong></span> <span class='ocrx_word' id='word_1_16' title='bbox 651 311 741 352; x_wconf 89' lang='lat' dir='ltr'><strong>est.</strong></span> <span class='ocrx_word' id='word_1_17' title='bbox 814 304 964 363; x_wconf 90' lang='lat' dir='ltr'><strong>Quod</strong></span> <span class='ocrx_word' id='word_1_18' title='bbox 1010 320 1110 350; x_wconf 91' lang='lat' dir='ltr'><strong>non</strong></span> <span class='ocrx_word' id='word_1_19' title='bbox 1158 303 1302 350; x_wconf 92' lang='lat' dir='ltr'><strong>dedit</strong></span> <span class='ocrx_word' id='word_1_20' title='bbox 1348 302 1562 360; x_wconf 88' lang='lat' dir='ltr'><strong>fortuna,</strong></span> <span class='ocrx_word' id='word_1_21' title='bbox 1597 301 1716 349; x_wconf 68' lang='lat' dir='ltr'><strong>non³</strong></span> 
     </span>
     <span class='ocr_line' id='line_1_4' title="bbox 209 364 1715 445; baseline -0.001 -16"><span class='ocrx_word' id='word_1_22' title='bbox 209 387 370 445; x_wconf 84' lang='lat' dir='ltr'><strong>eripit.</strong></span> <span class='ocrx_word' id='word_1_23' title='bbox 445 382 594 430; x_wconf 62' lang='lat' dir='ltr'><strong>VALE.</strong></span> <span class='ocrx_word' id='word_1_24' title='bbox 1710 364 1715 376; x_wconf 57' lang='grc'><strong>’</strong></span> 
     </span>
    </p>
   </div>
   <div class='ocr_carea' id='block_1_3' title="bbox 1652 0 1742 2337">
    <p class='ocr_par' dir='ltr' id='par_1_3' title="bbox 1652 0 1742 2337">
     <span class='ocr_line' id='line_1_5' title="bbox 1681 0 1742 315; baseline 0 -45"><span class='ocrx_word' id='word_1_25' title='bbox 1681 0 1742 315; x_wconf 95' lang='lat' dir='ltr'><strong>   </strong></span> 
     </span>
     <span class='ocr_line' id='line_1_6' title="bbox 1716 315 1742 394; baseline 0 2478"><span class='ocrx_word' id='word_1_26' title='bbox 1716 315 1742 394; x_wconf 95' lang='lat' dir='ltr'><strong> </strong></span> 
     </span>
     <span class='ocr_line' id='line_1_7' title="bbox 1689 394 1742 1016; baseline 0 -129"><span class='ocrx_word' id='word_1_27' title='bbox 1689 394 1742 1016; x_wconf 95' lang='lat' dir='ltr'><strong>    </strong></span> 
     </span>
     <span class='ocr_line' id='line_1_8' title="bbox 1668 1052 1742 1284; baseline 0 -87"><span class='ocrx_word' id='word_1_28' title='bbox 1668 1052 1742 1284; x_wconf 95' lang='lat' dir='ltr'><strong>    </strong></span> 
     </span>
     <span class='ocr_line' id='line_1_9' title="bbox 1678 1284 1742 1429; baseline 0 0"><span class='ocrx_word' id='word_1_29' title='bbox 1678 1284 1742 1429; x_wconf 95' lang='lat' dir='ltr'><strong>   </strong></span> 
     </span>
     <span class='ocr_line' id='line_1_10' title="bbox 1706 1429 1742 1630; baseline 0 -69"><span class='ocrx_word' id='word_1_30' title='bbox 1706 1429 1742 1630; x_wconf 95' lang='lat' dir='ltr'><strong>  </strong></span> 
     </span>
     <span class='ocr_line' id='line_1_11' title="bbox 1653 1630 1742 1896; baseline 0 0"><span class='ocrx_word' id='word_1_31' title='bbox 1653 1630 1742 1896; x_wconf 95' lang='lat' dir='ltr'><strong>    </strong></span> 
     </span>
     <span class='ocr_line' id='line_1_12' title="bbox 1652 2024 1726 2337; baseline 0 -129"><span class='ocrx_word' id='word_1_32' title='bbox 1652 2024 1726 2337; x_wconf 95' lang='lat' dir='ltr'><strong>     </strong></span> 
     </span>
    </p>
   </div>
   <div class='ocr_carea' id='block_1_4' title="bbox 903 582 1007 628">
    <p class='ocr_par' dir='ltr' id='par_1_4' title="bbox 903 582 1007 628">
     <span class='ocr_line' id='line_1_13' title="bbox 903 582 1007 628; baseline 0 0"><span class='ocrx_word' id='word_1_33' title='bbox 903 582 1007 628; x_wconf 89' lang='lat' dir='ltr'><strong>LX.</strong></span> 
     </span>
    </p>
   </div>
   <div class='ocr_carea' id='block_1_5' title="bbox 546 712 1342 761">
    <p class='ocr_par' dir='ltr' id='par_1_5' title="bbox 546 712 1342 761">
     <span class='ocr_line' id='line_1_14' title="bbox 546 712 1342 761; baseline -0.003 -1"><span class='ocrx_word' id='word_1_34' title='bbox 546 712 740 761; x_wconf 71' lang='lat' dir='ltr'><strong>SENECA</strong></span> <span class='ocrx_word' id='word_1_35' title='bbox 778 712 979 759; x_wconf 75' lang='lat' dir='ltr'><strong>Lvmmo</strong></span> <span class='ocrx_word' id='word_1_36' title='bbox 1015 728 1099 758; x_wconf 90' lang='lat' dir='ltr'><strong>svo</strong></span> <span class='ocrx_word' id='word_1_37' title='bbox 1124 726 1342 758; x_wconf 78' lang='lat' dir='ltr'>SALVTEM</span> 
     </span>
    </p>
   </div>
   <div class='ocr_carea' id='block_1_6' title="bbox 160 830 1742 2380">
    <p class='ocr_par' dir='ltr' id='par_1_6' title="bbox 165 830 1738 1450">
     <span class='ocr_line' id='line_1_15' title="bbox 165 830 1737 906; baseline -0.004 -15"><span class='ocrx_word' id='word_1_38' title='bbox 165 845 184 892; x_wconf 97' lang='lat'>1</span> <span class='ocrx_word' id='word_1_39' title='bbox 295 843 505 901; x_wconf 88' lang='lat' dir='ltr'><strong>Queror,</strong></span> <span class='ocrx_word' id='word_1_40' title='bbox 540 843 701 906; x_wconf 80' lang='lat' dir='ltr'><strong>litigo,</strong></span> <span class='ocrx_word' id='word_1_41' title='bbox 738 847 927 890; x_wconf 89' lang='lat' dir='ltr'><strong>irascor.</strong></span> <span class='ocrx_word' id='word_1_42' title='bbox 1024 842 1328 888; x_wconf 81' lang='lat' dir='ltr'>Etiamnunc</span> <span class='ocrx_word' id='word_1_43' title='bbox 1373 847 1533 904; x_wconf 89' lang='lat' dir='ltr'><strong>optas,</strong></span> <span class='ocrx_word' id='word_1_44' title='bbox 1567 830 1737 905; x_wconf 57' lang='lat' dir='ltr'><strong>quom</strong></span> 
     </span>
     <span class='ocr_line' id='line_1_16' title="bbox 210 909 1738 984; baseline -0.001 -16"><span class='ocrx_word' id='word_1_45' title='bbox 210 923 299 969; x_wconf 86' lang='lat' dir='ltr'><strong>tibi</strong></span> <span class='ocrx_word' id='word_1_46' title='bbox 338 925 531 984; x_wconf 89' lang='lat' dir='ltr'><strong>optavit</strong></span> <span class='ocrx_word' id='word_1_47' title='bbox 567 925 735 968; x_wconf 83' lang='lat' dir='ltr'><strong>nutrix</strong></span> <span class='ocrx_word' id='word_1_48' title='bbox 769 927 858 968; x_wconf 90' lang='lat' dir='ltr'><strong>tua</strong></span> <span class='ocrx_word' id='word_1_49' title='bbox 897 926 985 967; x_wconf 88' lang='lat' dir='ltr'><strong>aut</strong></span> <span class='ocrx_word' id='word_1_50' title='bbox 1021 919 1340 983; x_wconf 88' lang='lat' dir='ltr'><strong>paedagogus</strong></span> <span class='ocrx_word' id='word_1_51' title='bbox 1380 926 1467 966; x_wconf 86' lang='lat' dir='ltr'><strong>aut</strong></span> <span class='ocrx_word' id='word_1_52' title='bbox 1508 926 1670 967; x_wconf 88' lang='lat' dir='ltr'><strong>mater</strong></span> <span class='ocrx_word' id='word_1_53' title='bbox 1731 909 1738 968; x_wconf 74' lang='lat' dir='ltr'><strong>J&#39;</strong></span> 
     </span>
     <span class='ocr_line' id='line_1_17' title="bbox 215 986 1714 1062; baseline -0.001 -16"><span class='ocrx_word' id='word_1_54' title='bbox 215 1000 451 1047; x_wconf 89' lang='lat' dir='ltr'><strong>Nondum</strong></span> <span class='ocrx_word' id='word_1_55' title='bbox 496 999 768 1062; x_wconf 81' lang='lat' dir='ltr'><strong>intellegis,</strong></span> <span class='ocrx_word' id='word_1_56' title='bbox 811 1005 1055 1062; x_wconf 87' lang='lat' dir='ltr'><strong>quantum</strong></span> <span class='ocrx_word' id='word_1_57' title='bbox 1101 997 1219 1043; x_wconf 92' lang='lat' dir='ltr'><strong>mali</strong></span> <span class='ocrx_word' id='word_1_58' title='bbox 1265 992 1586 1060; x_wconf 81' lang='lat' dir='ltr'><strong>optaverint?</strong></span> <span class='ocrx_word' id='word_1_59' title='bbox 1711 986 1714 987; x_wconf 29' lang='lat'><em>⁷</em></span> 
     </span>
     <span class='ocr_line' id='line_1_18' title="bbox 211 1075 1692 1140; baseline -0.003 -16"><span class='ocrx_word' id='word_1_60' title='bbox 211 1093 361 1140; x_wconf 84' lang='lat' dir='ltr'><strong>quam</strong></span> <span class='ocrx_word' id='word_1_61' title='bbox 419 1080 620 1123; x_wconf 89' lang='lat' dir='ltr'><strong>inimica</strong></span> <span class='ocrx_word' id='word_1_62' title='bbox 677 1077 818 1123; x_wconf 90' lang='lat' dir='ltr'><strong>nobis</strong></span> <span class='ocrx_word' id='word_1_63' title='bbox 877 1082 994 1123; x_wconf 88' lang='lat' dir='ltr'><strong>sunt</strong></span> <span class='ocrx_word' id='word_1_64' title='bbox 1054 1082 1167 1122; x_wconf 89' lang='lat' dir='ltr'><strong>vota</strong></span> <span class='ocrx_word' id='word_1_65' title='bbox 1225 1075 1533 1121; x_wconf 89' lang='lat' dir='ltr'><strong>nostrorum!</strong></span> <span class='ocrx_word' id='word_1_66' title='bbox 1629 1075 1692 1121; x_wconf 93' lang='grc' dir='ltr'>Ε</span> 
     </span>
     <span class='ocr_line' id='line_1_19' title="bbox 210 1152 1700 1218; baseline -0.002 -17"><span class='ocrx_word' id='word_1_67' title='bbox 210 1154 414 1218; x_wconf 91' lang='lat' dir='ltr'><strong>quidem</strong></span> <span class='ocrx_word' id='word_1_68' title='bbox 463 1158 736 1201; x_wconf 83' lang='lat' dir='ltr'><strong>inimiciora</strong></span> <span class='ocrx_word' id='word_1_69' title='bbox 782 1171 880 1217; x_wconf 93' lang='lat' dir='ltr'><strong>quo</strong></span> <span class='ocrx_word' id='word_1_70' title='bbox 927 1170 1118 1200; x_wconf 83' lang='lat' dir='ltr'><strong>cessere</strong></span> <span class='ocrx_word' id='word_1_71' title='bbox 1162 1152 1367 1199; x_wconf 90' lang='lat' dir='ltr'><strong>felicius.</strong></span> <span class='ocrx_word' id='word_1_72' title='bbox 1457 1152 1563 1198; x_wconf 92' lang='lat' dir='ltr'><strong>Iam</strong></span> <span class='ocrx_word' id='word_1_73' title='bbox 1602 1168 1700 1199; x_wconf 86' lang='lat' dir='ltr'><strong>no·</strong></span> 
     </span>
     <span class='ocr_line' id='line_1_20' title="bbox 210 1229 1724 1294; baseline -0.002 -15"><span class='ocrx_word' id='word_1_74' title='bbox 210 1232 442 1290; x_wconf 87' lang='lat' dir='ltr'><strong>admiror,</strong></span> <span class='ocrx_word' id='word_1_75' title='bbox 467 1236 506 1279; x_wconf 95' lang='lat' dir='ltr'><strong>si</strong></span> <span class='ocrx_word' id='word_1_76' title='bbox 530 1237 696 1278; x_wconf 91' lang='lat' dir='ltr'><strong>omnia</strong></span> <span class='ocrx_word' id='word_1_77' title='bbox 720 1248 810 1278; x_wconf 91' lang='lat' dir='ltr'><strong>nos</strong></span> <span class='ocrx_word' id='word_1_78' title='bbox 828 1249 858 1278; x_wconf 89' lang='lat' dir='ltr'><strong>a</strong></span> <span class='ocrx_word' id='word_1_79' title='bbox 875 1235 1033 1294; x_wconf 89' lang='lat' dir='ltr'><strong>prima</strong></span> <span class='ocrx_word' id='word_1_80' title='bbox 1051 1234 1266 1293; x_wconf 87' lang='lat' dir='ltr'><strong>pueritia</strong></span> <span class='ocrx_word' id='word_1_81' title='bbox 1283 1229 1414 1276; x_wconf 89' lang='lat' dir='ltr'><strong>mala</strong></span> <span class='ocrx_word' id='word_1_82' title='bbox 1437 1236 1676 1277; x_wconf 85' lang='lat' dir='ltr'><strong>secuntur</strong></span> <span class='ocrx_word' id='word_1_83' title='bbox 1718 1279 1724 1286; x_wconf 60' lang='grc'><em>,</em></span> 
     </span>
     <span class='ocr_line' id='line_1_21' title="bbox 210 1295 1677 1417; baseline -0.001 -61"><span class='ocrx_word' id='word_1_84' title='bbox 210 1314 343 1356; x_wconf 88' lang='lat' dir='ltr'><strong>inter</strong></span> <span class='ocrx_word' id='word_1_85' title='bbox 390 1314 760 1357; x_wconf 88' lang='lat' dir='ltr'><strong>execrationes·</strong></span> <span class='ocrx_word' id='word_1_86' title='bbox 750 1315 1044 1417; x_wconf 85' lang='lat' dir='ltr'><strong>1parentum</strong></span> <span class='ocrx_word' id='word_1_87' title='bbox 1091 1311 1346 1355; x_wconf 89' lang='lat' dir='ltr'><strong>crevimus.</strong></span> <span class='ocrx_word' id='word_1_88' title='bbox 1420 1295 1677 1354; x_wconf 87' lang='lat' dir='ltr'><strong>Exaudian</strong></span> 
     </span>
     <span class='ocr_line' id='line_1_22' title="bbox 212 1379 1713 1450; baseline -0.003 -16"><span class='ocrx_word' id='word_1_89' title='bbox 212 1387 263 1434; x_wconf 91' lang='lat' dir='ltr'><strong>di</strong></span> <span class='ocrx_word' id='word_1_90' title='bbox 287 1394 505 1434; x_wconf 84' lang='lat' dir='ltr'><strong>nostram</strong></span> <span class='ocrx_word' id='word_1_91' title='bbox 531 1387 765 1450; x_wconf 91' lang='lat' dir='ltr'><strong>quoque1</strong></span> <span class='ocrx_word' id='word_1_92' title='bbox 790 1404 879 1450; x_wconf 88' lang='lat' dir='ltr'><strong>pro</strong></span> <span class='ocrx_word' id='word_1_93' title='bbox 903 1387 1046 1433; x_wconf 92' lang='lat' dir='ltr'><strong>nobis</strong></span> <span class='ocrx_word' id='word_1_94' title='bbox 1069 1401 1242 1432; x_wconf 89' lang='lat' dir='ltr'><strong>vocem</strong></span> <span class='ocrx_word' id='word_1_95' title='bbox 1266 1388 1551 1448; x_wconf 77' lang='lat' dir='ltr'><strong>gratuitam.</strong></span> <span class='ocrx_word' id='word_1_96' title='bbox 1707 1379 1713 1385; x_wconf 52' lang='lat'><strong>&#39;</strong></span> 
     </span>
    </p>

    <p class='ocr_par' dir='ltr' id='par_1_7' title="bbox 163 1462 1742 1994">
     <span class='ocr_line' id='line_1_23' title="bbox 163 1462 1707 1528; baseline -0.002 -12"><span class='ocrx_word' id='word_1_97' title='bbox 163 1472 224 1516; x_wconf 81' lang='lat'><strong>2·</strong></span> <span class='ocrx_word' id='word_1_98' title='bbox 296 1464 571 1528; x_wconf 80' lang='lat' dir='ltr'><strong>Quousque</strong></span> <span class='ocrx_word' id='word_1_99' title='bbox 587 1481 847 1527; x_wconf 90' lang='lat' dir='ltr'><strong>poscemus</strong></span> <span class='ocrx_word' id='word_1_100' title='bbox 862 1463 1051 1527; x_wconf 88' lang='lat' dir='ltr'><strong>aliquid</strong></span> <span class='ocrx_word' id='word_1_101' title='bbox 1065 1463 1186 1510; x_wconf 90' lang='lat' dir='ltr'><strong>deos</strong></span> <span class='ocrx_word' id='word_1_102' title='bbox 1201 1466 1272 1509; x_wconf 92' lang='lat' dir='ltr'><strong>ita</strong></span> <span class='ocrx_word' id='word_1_103' title='bbox 1286 1466 1425 1526; x_wconf 93' lang='lat' dir='ltr'><strong>quasi</strong></span> <span class='ocrx_word' id='word_1_104' title='bbox 1442 1462 1707 1519; x_wconf 75' lang='lat' dir='ltr'><strong>2nondum</strong></span> 
     </span>
     <span class='ocr_line' id='line_1_24' title="bbox 212 1528 1742 1605; baseline -0.001 -17"><span class='ocrx_word' id='word_1_105' title='bbox 212 1546 305 1605; x_wconf 91' lang='lat' dir='ltr'><strong>ipsi</strong></span> <span class='ocrx_word' id='word_1_106' title='bbox 351 1542 485 1590; x_wconf 81' lang='lat' dir='ltr'><strong>alere</strong></span> <span class='ocrx_word' id='word_1_107' title='bbox 533 1559 622 1589; x_wconf 93' lang='lat' dir='ltr'><strong>nos</strong></span> <span class='ocrx_word' id='word_1_108' title='bbox 663 1543 941 1605; x_wconf 91' lang='lat' dir='ltr'><strong>possimus?</strong></span> <span class='ocrx_word' id='word_1_109' title='bbox 1010 1540 1264 1600; x_wconf 80' lang='lat' dir='ltr'><strong>Quamdiu</strong></span> <span class='ocrx_word' id='word_1_110' title='bbox 1310 1541 1583 1588; x_wconf 85' lang='lat' dir='ltr'><strong>sationibus</strong></span> <span class='ocrx_word' id='word_1_111' title='bbox 1629 1545 1704 1587; x_wconf 85' lang='lat' dir='ltr'><strong>in·</strong></span> <span class='ocrx_word' id='word_1_112' title='bbox 1741 1528 1742 1554; x_wconf 57' lang='lat'><em>³</em></span> 
     </span>
     <span class='ocr_line' id='line_1_25' title="bbox 212 1617 1742 1684; baseline -0.001 -17"><span class='ocrx_word' id='word_1_113' title='bbox 212 1620 460 1683; x_wconf 89' lang='lat' dir='ltr'><strong>plebimus</strong></span> <span class='ocrx_word' id='word_1_114' title='bbox 519 1637 810 1684; x_wconf 87' lang='lat' dir='ltr'><strong>magnarum</strong></span> <span class='ocrx_word' id='word_1_115' title='bbox 867 1620 1063 1666; x_wconf 89' lang='lat' dir='ltr'><strong>urbium</strong></span> <span class='ocrx_word' id='word_1_116' title='bbox 1122 1619 1358 1681; x_wconf 88' lang='lat' dir='ltr'><strong>campos?</strong></span> <span class='ocrx_word' id='word_1_117' title='bbox 1451 1617 1703 1677; x_wconf 87' lang='lat' dir='ltr'><strong>Quamdiu</strong></span> <span class='ocrx_word' id='word_1_118' title='bbox 1741 1650 1742 1677; x_wconf 19' lang='grc' dir='ltr'>ἦ</span> 
     </span>
     <span class='ocr_line' id='line_1_26' title="bbox 212 1691 1742 1760; baseline 0 -16"><span class='ocrx_word' id='word_1_119' title='bbox 212 1699 353 1744; x_wconf 91' lang='lat' dir='ltr'><strong>nobis</strong></span> <span class='ocrx_word' id='word_1_120' title='bbox 390 1698 601 1760; x_wconf 92' lang='lat' dir='ltr'><strong>populus</strong></span> <span class='ocrx_word' id='word_1_121' title='bbox 636 1698 834 1744; x_wconf 85' lang='lat' dir='ltr'><strong>metet?</strong></span> <span class='ocrx_word' id='word_1_122' title='bbox 905 1696 1157 1755; x_wconf 82' lang='lat' dir='ltr'><strong>Quamdiu</strong></span> <span class='ocrx_word' id='word_1_123' title='bbox 1200 1701 1345 1743; x_wconf 91' lang='lat' dir='ltr'><strong>unius</strong></span> <span class='ocrx_word' id='word_1_124' title='bbox 1385 1713 1588 1744; x_wconf 85' lang='lat' dir='ltr'><strong>mensae</strong></span> <span class='ocrx_word' id='word_1_125' title='bbox 1629 1701 1682 1744; x_wconf 91' lang='lat' dir='ltr'><strong>in</strong></span> <span class='ocrx_word' id='word_1_126' title='bbox 1741 1691 1742 1734; x_wconf 67' lang='lat'>}</span> 
     </span>
     <span class='ocr_line' id='line_1_27' title="bbox 210 1764 1742 1838; baseline 0 -16"><span class='ocrx_word' id='word_1_127' title='bbox 210 1782 546 1823; x_wconf 88' lang='lat' dir='ltr'><strong>strumentum</strong></span> <span class='ocrx_word' id='word_1_128' title='bbox 588 1776 748 1822; x_wconf 87' lang='lat' dir='ltr'><strong>multa</strong></span> <span class='ocrx_word' id='word_1_129' title='bbox 788 1778 984 1837; x_wconf 88' lang='lat' dir='ltr'><strong>navigia</strong></span> <span class='ocrx_word' id='word_1_130' title='bbox 1024 1781 1079 1822; x_wconf 87' lang='lat' dir='ltr'><strong>et</strong></span> <span class='ocrx_word' id='word_1_131' title='bbox 1118 1774 1322 1838; x_wconf 91' lang='lat' dir='ltr'><strong>quidem</strong></span> <span class='ocrx_word' id='word_1_132' title='bbox 1363 1791 1463 1820; x_wconf 93' lang='lat' dir='ltr'><strong>non</strong></span> <span class='ocrx_word' id='word_1_133' title='bbox 1496 1764 1567 1821; x_wconf 50' lang='lat' dir='ltr'><strong>¹ex</strong></span> <span class='ocrx_word' id='word_1_134' title='bbox 1605 1791 1673 1822; x_wconf 92' lang='lat' dir='ltr'><strong>un</strong></span> <span class='ocrx_word' id='word_1_135' title='bbox 1740 1779 1742 1808; x_wconf 68' lang='lat'><em>²</em></span> 
     </span>
     <span class='ocr_line' id='line_1_28' title="bbox 211 1853 1651 1915; baseline -0.001 -15"><span class='ocrx_word' id='word_1_136' title='bbox 211 1857 333 1900; x_wconf 88' lang='lat' dir='ltr'><strong>mari</strong></span> <span class='ocrx_word' id='word_1_137' title='bbox 375 1854 693 1901; x_wconf 83' lang='lat' dir='ltr'><strong>subvehent?</strong></span> <span class='ocrx_word' id='word_1_138' title='bbox 785 1853 974 1899; x_wconf 88' lang='lat' dir='ltr'><strong>Taurus</strong></span> <span class='ocrx_word' id='word_1_139' title='bbox 1022 1855 1427 1914; x_wconf 89' lang='lat' dir='ltr'><strong>paucissimorum</strong></span> <span class='ocrx_word' id='word_1_140' title='bbox 1475 1855 1651 1915; x_wconf 85' lang='lat' dir='ltr'><strong>iugeru</strong></span> 
     </span>
     <span class='ocr_line' id='line_1_29' title="bbox 211 1928 1677 1994; baseline -0.001 -16"><span class='ocrx_word' id='word_1_141' title='bbox 211 1948 393 1994; x_wconf 91' lang='lat' dir='ltr'><strong>pascuo</strong></span> <span class='ocrx_word' id='word_1_142' title='bbox 456 1932 696 1994; x_wconf 90' lang='lat' dir='ltr'><strong>impletur</strong></span> <span class='ocrx_word' id='word_1_143' title='bbox 712 1947 724 1987; x_wconf 91' lang='lat'>;</span> <span class='ocrx_word' id='word_1_144' title='bbox 804 1947 905 1977; x_wconf 91' lang='lat' dir='ltr'><strong>una</strong></span> <span class='ocrx_word' id='word_1_145' title='bbox 961 1929 1083 1976; x_wconf 86' lang='lat' dir='ltr'><strong>silva</strong></span> <span class='ocrx_word' id='word_1_146' title='bbox 1140 1928 1422 1992; x_wconf 89' lang='lat' dir='ltr'><strong>elephantis</strong></span> <span class='ocrx_word' id='word_1_147' title='bbox 1480 1929 1677 1992; x_wconf 89' lang='lat' dir='ltr'><strong>pluribu</strong></span> 
     </span>
    </p>

    <p class='ocr_par' dir='ltr' id='par_1_8' title="bbox 160 2007 1720 2380">
     <span class='ocr_line' id='line_1_30' title="bbox 160 2007 1667 2069; baseline -0.001 -13"><span class='ocrx_word' id='word_1_148' title='bbox 160 2015 188 2061; x_wconf 85' lang='lat'><strong>3</strong></span> <span class='ocrx_word' id='word_1_149' title='bbox 211 2009 419 2066; x_wconf 91' lang='lat' dir='ltr'><strong>sufficit;</strong></span> <span class='ocrx_word' id='word_1_150' title='bbox 478 2009 626 2055; x_wconf 90' lang='lat' dir='ltr'><strong>homo</strong></span> <span class='ocrx_word' id='word_1_151' title='bbox 681 2014 735 2056; x_wconf 91' lang='lat' dir='ltr'><strong>et</strong></span> <span class='ocrx_word' id='word_1_152' title='bbox 785 2014 918 2055; x_wconf 81' lang='lat' dir='ltr'><strong>terra</strong></span> <span class='ocrx_word' id='word_1_153' title='bbox 967 2013 1021 2054; x_wconf 91' lang='lat' dir='ltr'><strong>et</strong></span> <span class='ocrx_word' id='word_1_154' title='bbox 1067 2011 1189 2053; x_wconf 85' lang='lat' dir='ltr'><strong>mari</strong></span> <span class='ocrx_word' id='word_1_155' title='bbox 1241 2010 1470 2069; x_wconf 87' lang='lat' dir='ltr'><strong>pascitur.</strong></span> <span class='ocrx_word' id='word_1_156' title='bbox 1566 2007 1667 2066; x_wconf 89' lang='lat' dir='ltr'><strong>Qui</strong></span> 
     </span>
     <span class='ocr_line' id='line_1_31' title="bbox 211 2085 1695 2150; baseline -0.001 -16"><span class='ocrx_word' id='word_1_157' title='bbox 211 2087 367 2150; x_wconf 84' lang='lat' dir='ltr'><strong>ergo?</strong></span> <span class='ocrx_word' id='word_1_158' title='bbox 435 2086 560 2133; x_wconf 88' lang='lat' dir='ltr'><strong>Tam</strong></span> <span class='ocrx_word' id='word_1_159' title='bbox 590 2086 924 2134; x_wconf 87' lang='lat' dir='ltr'><strong>insatiabilem</strong></span> <span class='ocrx_word' id='word_1_160' title='bbox 956 2085 1100 2132; x_wconf 93' lang='lat' dir='ltr'><strong>nobis</strong></span> <span class='ocrx_word' id='word_1_161' title='bbox 1134 2090 1312 2132; x_wconf 87' lang='lat' dir='ltr'><strong>natura</strong></span> <span class='ocrx_word' id='word_1_162' title='bbox 1342 2085 1508 2131; x_wconf 90' lang='lat' dir='ltr'><strong>alvum</strong></span> <span class='ocrx_word' id='word_1_163' title='bbox 1544 2085 1695 2150; x_wconf 27' lang='lat' dir='ltr'><strong>dedit·</strong></span> 
     </span>
     <span class='ocr_line' id='line_1_32' title="bbox 211 2162 1649 2226; baseline -0.001 -15"><span class='ocrx_word' id='word_1_164' title='bbox 211 2181 326 2211; x_wconf 92' lang='lat' dir='ltr'><strong>cum</strong></span> <span class='ocrx_word' id='word_1_165' title='bbox 357 2171 462 2211; x_wconf 89' lang='lat' dir='ltr'><strong>tam</strong></span> <span class='ocrx_word' id='word_1_166' title='bbox 492 2164 688 2211; x_wconf 87' lang='lat' dir='ltr'><strong>modica</strong></span> <span class='ocrx_word' id='word_1_167' title='bbox 723 2180 926 2226; x_wconf 88' lang='lat' dir='ltr'><strong>corpora</strong></span> <span class='ocrx_word' id='word_1_168' title='bbox 957 2162 1196 2220; x_wconf 83' lang='lat' dir='ltr'><strong>dedisset,</strong></span> <span class='ocrx_word' id='word_1_169' title='bbox 1226 2168 1283 2208; x_wconf 91' lang='lat' dir='ltr'><strong>ut</strong></span> <span class='ocrx_word' id='word_1_170' title='bbox 1313 2165 1649 2210; x_wconf 78' lang='lat' dir='ltr'><strong>‘vastissimoru</strong></span> 
     </span>
     <span class='ocr_line' id='line_1_33' title="bbox 210 2240 1720 2305; baseline -0.001 -17"><span class='ocrx_word' id='word_1_171' title='bbox 210 2242 712 2305; x_wconf 86' lang='lat' dir='ltr'><strong>edacissimorumque</strong></span> <span class='ocrx_word' id='word_1_172' title='bbox 736 2241 1024 2287; x_wconf 88' lang='lat' dir='ltr'><strong>animalium</strong></span> <span class='ocrx_word' id='word_1_173' title='bbox 1048 2240 1340 2286; x_wconf 82' lang='lat' dir='ltr'><strong>aviditatem</strong></span> <span class='ocrx_word' id='word_1_174' title='bbox 1364 2243 1673 2289; x_wconf 81' lang='lat' dir='ltr'><strong>vinceremus</strong></span> <span class='ocrx_word' id='word_1_175' title='bbox 1718 2284 1720 2286; x_wconf 78' lang='grc'>,</span> 
     </span>
     <span class='ocr_line' id='line_1_34' title="bbox 212 2317 1667 2380; baseline -0.001 -14"><span class='ocrx_word' id='word_1_176' title='bbox 212 2320 435 2367; x_wconf 91' lang='lat' dir='ltr'><strong>Minime.</strong></span> <span class='ocrx_word' id='word_1_177' title='bbox 509 2319 822 2378; x_wconf 89' lang='lat' dir='ltr'><strong>Quantulum</strong></span> <span class='ocrx_word' id='word_1_178' title='bbox 849 2325 926 2365; x_wconf 90' lang='lat' dir='ltr'><strong>est</strong></span> <span class='ocrx_word' id='word_1_179' title='bbox 955 2321 1106 2375; x_wconf 85' lang='lat' dir='ltr'><strong>enim,</strong></span> <span class='ocrx_word' id='word_1_180' title='bbox 1131 2317 1265 2380; x_wconf 91' lang='lat' dir='ltr'><strong>quod</strong></span> <span class='ocrx_word' id='word_1_181' title='bbox 1288 2324 1494 2365; x_wconf 81' lang='lat' dir='ltr'><strong>naturae</strong></span> <span class='ocrx_word' id='word_1_182' title='bbox 1521 2318 1667 2366; x_wconf 86' lang='lat' dir='ltr'><strong>datur</strong></span> 
     </span>
    </p>
   </div>
   <div class='ocr_carea' id='block_1_7' title="bbox 1733 1750 1737 1903">
    <p class='ocr_par' dir='ltr' id='par_1_9' title="bbox 1733 1750 1737 1903">
     <span class='ocr_line' id='line_1_35' title="bbox 1733 1750 1737 1903; baseline 0 969"><span class='ocrx_word' id='word_1_183' title='bbox 1733 1750 1737 1903; x_wconf 95' lang='lat' dir='ltr'><strong> </strong></span> 
     </span>
    </p>
   </div>
   <div class='ocr_carea' id='block_1_8' title="bbox 211 2414 1667 2577">
    <p class='ocr_par' dir='ltr' id='par_1_10' title="bbox 211 2414 1667 2577">
     <span class='ocr_line' id='line_1_36' title="bbox 277 2414 1667 2470; baseline 0 -12"><span class='ocrx_word' id='word_1_184' title='bbox 277 2416 291 2442; x_wconf 83' lang='lat'>¹</span> <span class='ocrx_word' id='word_1_185' title='bbox 320 2422 516 2458; x_wconf 71' lang='lat' dir='ltr'><strong>nostram</strong></span> <span class='ocrx_word' id='word_1_186' title='bbox 561 2429 721 2470; x_wconf 79' lang='lat' dir='ltr'><strong>quoque</strong></span> <span class='ocrx_word' id='word_1_187' title='bbox 772 2414 1039 2462; x_wconf 83' lang='lat' dir='ltr'><strong>Buecheler;</strong></span> <span class='ocrx_word' id='word_1_188' title='bbox 1093 2428 1254 2468; x_wconf 79' lang='lat' dir='ltr'><strong>quoque</strong></span> <span class='ocrx_word' id='word_1_189' title='bbox 1300 2421 1492 2456; x_wconf 74' lang='lat' dir='ltr'><strong>nostram</strong></span> <span class='ocrx_word' id='word_1_190' title='bbox 1539 2415 1667 2458; x_wconf 91' lang='lat' dir='ltr'><strong>MSS.</strong></span> 
     </span>
     <span class='ocr_line' id='line_1_37' title="bbox 211 2469 912 2549; baseline -0.006 -37"><span class='ocrx_word' id='word_1_191' title='bbox 211 2471 464 2549; x_wconf 81' lang='lat' dir='ltr'><strong>quandoque</strong></span> <span class='ocrx_word' id='word_1_192' title='bbox 482 2476 676 2511; x_wconf 71' lang='lat' dir='ltr'><strong>nostram</strong></span> <span class='ocrx_word' id='word_1_193' title='bbox 697 2469 912 2510; x_wconf 86' lang='lat' dir='ltr'><strong>Muretus.</strong></span> 
     </span>
     <span class='ocr_line' id='line_1_38' title="bbox 278 2521 1265 2577; baseline -0.001 -11.953"><span class='ocrx_word' id='word_1_194' title='bbox 278 2524 386 2566; x_wconf 68' lang='lat' dir='ltr'><strong>2ita</strong></span> <span class='ocrx_word' id='word_1_195' title='bbox 404 2525 527 2569; x_wconf 73' lang='lat' dir='ltr'><strong>Quasi</strong></span> <span class='ocrx_word' id='word_1_196' title='bbox 550 2524 730 2572; x_wconf 78' lang='lat' dir='ltr'><strong>Haase;</strong></span> <span class='ocrx_word' id='word_1_197' title='bbox 758 2523 886 2577; x_wconf 71' lang='lat' dir='ltr'><strong>quas-i</strong></span> <span class='ocrx_word' id='word_1_198' title='bbox 899 2523 963 2563; x_wconf 80' lang='lat' dir='ltr'><strong>ita</strong></span> <span class='ocrx_word' id='word_1_199' title='bbox 981 2536 1032 2563; x_wconf 88' lang='lat' dir='ltr'><strong>or</strong></span> <span class='ocrx_word' id='word_1_200' title='bbox 1049 2523 1113 2563; x_wconf 80' lang='lat' dir='ltr'><strong>ita</strong></span> <span class='ocrx_word' id='word_1_201' title='bbox 1133 2521 1265 2566; x_wconf 86' lang='lat' dir='ltr'><strong>MSS.</strong></span> 
     </span>
    </p>
   </div>
   <div class='ocr_carea' id='block_1_9' title="bbox 212 2596 310 2638">
    <p class='ocr_par' dir='ltr' id='par_1_11' title="bbox 212 2596 310 2638">
     <span class='ocr_line' id='line_1_39' title="bbox 212 2596 310 2638; baseline -0.01 0"><span class='ocrx_word' id='word_1_202' title='bbox 212 2596 310 2638; x_wconf 75' lang='lat'><strong>422</strong></span> 
     </span>
    </p>
   </div>
  </div>
 </body>
</html>
