1742 2872
484 161 630 209 THE
665 161 988 209 EPISTLES
1026 162 1116 210 OF
1153 160 1420 208 SENECA

156 308 180 313 »μ
202 272 415 329 deferre,
435 275 475 318 si
499 272 619 334 quid
639 273 898 318 delibero?
969 272 1170 334 Epicuri
1196 272 1461 334 epistulam
1484 272 1548 318 ad
1572 272 1699 319 hanc

201 370 305 400 rem
342 357 686 415 pertinentem
729 353 860 415 lege,
908 353 1180 399 Idomeneo
1217 369 1343 415 quae
1380 354 1699 411 inscribitur,l

200 451 351 498 quem
386 440 546 497 rogat,
582 441 640 481 ut
675 440 920 496 quantum
956 441 1125 495 potest
1163 433 1325 495 fugiat
1360 440 1412 480 et
1448 441 1700 497 properet,

199 522 469 578 antequam
518 515 684 577 aliqua
732 519 802 560 vis
854 518 1010 560 maior
1056 517 1360 560 interveniat
1408 521 1462 561 et
1507 516 1701 562 auferat

149 599 177 646 6
200 598 489 644 libertatem
513 595 796 642 recedendi.
876 596 1019 642 Idem
1037 602 1209 642 tamen
1234 596 1416 642 subicit
1440 596 1566 642 nihil
1591 613 1699 644 esse

201 677 572 740 temptandum,
615 680 710 723 nisi
745 693 859 722 cum
900 683 1018 738 apte
1061 680 1250 737 poterit
1296 681 1698 740 tempestiveque

203 762 452 820 temptari.
549 757 650 804 Sed
698 774 811 803 cum
858 757 983 803 illud
1038 764 1240 819 tempus
1298 765 1555 820 captatum
1613 759 1699 805 diu
1737 766 1742 806 ἴ

200 843 408 897 venerit,
446 838 754 886 exiliendum
789 842 872 885 ait.
964 837 1249 885 Dormitare
1292 838 1355 885 de
1404 838 1523 901 fuga
1566 843 1698 902 cogi·
1733 836 1742 866 '4

198 927 397 967 tantem
420 926 560 967 vetat
580 926 632 967 et
652 925 820 982 sperat
844 918 1114 966 salutarem
1133 923 1286 965 etiam
1312 936 1371 966 ex
1399 920 1699 967 difficillimis

200 1005 408 1059 exitum,
445 1005 485 1048 si
521 1018 615 1048 nec
651 1016 975 1063 properemus
1010 1006 1129 1047 ante
1172 1007 1372 1062 tempus
1407 1017 1502 1047 nec
1539 1017 1698 1048 cesse-

201 1100 311 1130 mus
335 1087 388 1129 in
412 1089 655 1145 tempore.

149 1167 177 1217 7
287 1164 432 1222 Puto,
461 1181 596 1210 nunc
622 1170 675 1210 et
709 1163 929 1211 Stoicam
962 1167 1266 1209 sententiam
1301 1167 1510 1226 quaeris.
1586 1164 1698 1210 Non

199 1252 278 1294 est
301 1246 436 1309 quod
461 1249 723 1309 quisquam
746 1245 858 1291 illos
882 1244 1017 1306 apud
1045 1250 1099 1291 te
1131 1248 1433 1291 temeritatis
1457 1244 1698 1300 infamet3

199 1332 444 1374 cautiores
491 1344 641 1390 quam
682 1326 912 1373 fortiores
954 1329 1106 1373 sunt.'
1182 1326 1434 1388 Expectas
1475 1326 1698 1384 forsitan,

199 1415 257 1456 ut
285 1410 379 1456 tibi
403 1408 527 1455 haec
553 1408 753 1455 dicant:
790 1414 822 1435 “
838 1407 1004 1470 Turpe
1034 1414 1113 1454 est
1138 1407 1319 1454 cedere
1344 1411 1496 1454 oneri.
1572 1407 1698 1454 Luc-

197 1497 305 1538 tare
343 1507 457 1537 cum
493 1491 667 1547 officio,
692 1489 824 1553 quod
860 1488 1015 1536 semel
1051 1491 1299 1551 recepisti.
1376 1489 1489 1534 Non
1515 1494 1592 1535 est
1628 1493 1699 1535 vir

199 1572 341 1618 fortis
375 1589 433 1618 ac
469 1578 701 1619 strenuus
738 1575 825 1634 qui
848 1571 1072 1617 laborem
1109 1569 1257 1633 fugit,
1293 1574 1388 1616 nisi
1414 1574 1592 1617 crescit
1626 1571 1698 1617 illi

150 1667 179 1712 8
198 1657 392 1700 animus
428 1656 536 1715 ipsa
559 1669 725 1699 rerum
760 1651 1102 1699 difficultate.’'
1178 1652 1427 1698 Dicentur
1460 1652 1554 1698 tibi
1588 1655 1699 1710 ista,

199 1739 239 1782 si
275 1751 456 1797 operae
482 1737 702 1797 pretium
737 1733 947 1780 habebit
982 1737 1372 1795 perseverantia,
1398 1737 1437 1791 si
1462 1733 1589 1780 nihil
1623 1737 1698 1779 in-

199 1816 410 1878 dignum
434 1817 566 1862 bono
592 1818 695 1861 viro
720 1814 1008 1861 faciendum
1033 1814 1393 1876 patiendumve
1419 1818 1545 1871 erit;
1579 1815 1699 1861 alio—

200 1901 286 1960 qui
322 1897 521 1943 sordido
558 1913 610 1943 se
640 1903 693 1943 et
729 1896 1092 1943 contumelioso
1127 1895 1295 1942 labore
1332 1912 1435 1942 non
1470 1902 1700 1943 conteret

201 1995 295 2025 nec
319 1981 371 2024 in
396 1981 613 2041 negotiis
647 1981 743 2024 erit
767 1980 961 2039 negotii
991 1993 1149 2023 causa.
1225 1976 1303 2023 Ne
1328 1977 1453 2023 illud
1477 1977 1699 2040 quidem,
1714 1979 1742 2032 ,’

201 2059 336 2121 quod
378 2062 632 2105 existimas
674 2058 925 2105 facturum
963 2075 1096 2116 eum,
1132 2057 1300 2116 faciet,
1334 2064 1392 2104 ut
1426 2059 1700 2104 ambitiosis

202 2141 349 2186 rebus
395 2140 650 2202 inplicitus
698 2155 897 2202 semper
941 2146 1109 2186 aestus
1165 2155 1335 2186 earum
1382 2139 1524 2187 ferat.
1599 2139 1700 2186 Sed

202 2236 316 2266 cum
357 2221 539 2267 viderit
582 2224 767 2283 gravia,
809 2224 861 2267 in
904 2221 1084 2283 quibus
1121 2221 1454 2278 volutabatur,
1491 2225 1699 2279 incerta,

200 2305 455 2363 ancipitia,
491 2301 678 2348 reseret
714 2301 915 2364 pedem,
940 2317 1042 2347 non
1078 2308 1243 2349 vertet
1279 2308 1437 2365 terga,
1462 2302 1552 2349 sed
1588 2318 1677 2348 sen

512 2388 522 2411 ¹
554 2387 805 2428 inscribitur
826 2387 1009 2435 Haase;
1037 2388 1241 2429 scribitur
1260 2387 1390 2430 MSS.

492 2523 513 2542 ‘²
540 2514 627 2557 See
645 2514 724 2555 the
744 2514 986 2567 preceding
1005 2514 1136 2555 letter
1156 2515 1207 2555 of
1222 2515 1405 2557 Seneca.

705 2569 722 2594 ὁ
751 2568 881 2621 Frag.
910 2571 986 2608 133
1008 2569 1196 2611 Usener.

208 2639 302 2681 152
