1742 2872
518 80 665 127 THE
702 81 1020 153 EPISTLES
1058 82 1148 130 OF
1183 83 1447 131 SENECA

236 195 415 238 amisso
461 194 619 237 amico
672 206 766 236 nec
812 189 980 236 fluant.
1059 190 1439 237 Lacrimandum
1487 199 1580 251 est,
1627 212 1713 241 no

237 273 545 335 plorandum.

185 354 212 399 2
323 354 512 400 Duram
546 354 636 400 tibi
672 354 838 417 legem
874 354 1046 401 videor
1080 371 1282 416 ponere,
1317 372 1428 402 cum
1466 363 1672 419 poetaru

236 436 537 483 Graecorum
593 440 835 482 maximus
887 439 963 482 ius
1016 435 1168 483 flendi
1220 437 1419 484 dederit
1468 442 1519 484 in
1574 448 1734 487 unumv

234 518 496 564 dumtaxat
531 517 683 575 diem,
720 533 833 564 cum
869 517 1053 564 dixerit
1089 521 1239 564 etiam
1280 519 1491 566 Niobam
1527 520 1591 567 de
1616 525 1686 567 ci
1706 544 1732 563 ι-

233 600 515 664 cogitasse?
585 598 813 657 Quaeris,
849 599 983 646 unde
1020 603 1121 646 sint
1155 599 1554 660 lamentationes,
1591 603 1717 650 und

232 682 470 729 inmodici
510 680 694 728 fletus?
769 680 862 727 Per
902 681 1126 727 lacrimas
1161 689 1457 744 argumenta
1492 683 1664 731 deside
1694 667 1742 698 ‘⁴

233 767 515 827 quaerimus
540 769 595 810 et
617 762 841 810 dolorem
866 779 966 808 non
991 765 1260 824 sequimur,
1286 762 1375 810 sed
1399 765 1717 813 ostendimu

235 846 396 893 Nemo
431 848 587 892 tristis
619 845 712 891 sibi
737 850 827 892 est.
901 843 948 891 O
982 844 1233 891 infelicem
1269 845 1563 896 stultitiam!
1634 848 1701 896 Es
1738 835 1739 874 Ῐ

231 928 397 991 aliqua
421 933 474 973 et
498 926 679 973 doloris
702 926 922 972 ambitio.
1738 913 1740 918 ¹

181 1011 210 1057 3
317 1006 697 1070 “Quidergo?'’
737 1010 918 1070 inquis,
938 1006 1249 1054 “Obliviscar
1263 1009 1473 1054 amici?”
1514 1010 1707 1058 Breve..
1736 1072 1738 1074 Ι

229 1091 303 1138 illi
327 1089 462 1153 apud
486 1096 539 1136 te
562 1091 854 1136 memoriam
881 1092 1148 1151 promittis,
1173 1092 1213 1135 si
1245 1106 1359 1136 cum
1391 1090 1561 1138 dolore
1586 1109 1654 1139 m

231 1189 344 1220 sura
389 1178 496 1227 est3
555 1175 653 1217 iam
700 1174 847 1217 istam
894 1169 1113 1217 frontem
1159 1170 1223 1217 ad
1268 1174 1420 1218 risum
1468 1173 1700 1235 quaelibe
1732 1146 1740 1215 1

230 1254 438 1302 fortuita
452 1269 530 1300 res
545 1252 827 1299 transferet.
890 1252 1004 1298 Non
1030 1251 1203 1299 differo
1221 1255 1272 1299 in
1295 1252 1488 1316 longius
1509 1261 1648 1318 temp

230 1353 329 1401 quo
364 1334 667 1383 desiderium
703 1350 851 1381 omne
887 1333 1152 1393 mulcetur,
1177 1350 1276 1397 quo
1312 1339 1463 1382 etiam
1498 1353 1587 1384 ace
1641 1342 1713 1381 ἰ..ι

228 1418 394 1465 luctus
418 1415 658 1464 residunt.
733 1415 856 1462 Cum
889 1419 1105 1479 primum
1137 1422 1190 1463 te
1215 1417 1476 1466 observare
1501 1418 1717 1467 desieri-

227 1503 394 1563 imago
434 1503 531 1546 ista
571 1501 805 1544 tristitiae
852 1497 1081 1545 discedet
1098 1513 1111 1554 ;
1168 1514 1303 1544 nunc
1350 1502 1457 1561 ipse
1504 1501 1708 1549 custod'

228 1582 452 1629 dolorem
503 1586 661 1628 tuum.
735 1578 835 1626 Sed
895 1579 1199 1626 custodienti
1257 1596 1455 1644 quoque
1509 1582 1663 1630 elabit
1713 1615 1719 1625 ,-

227 1679 389 1727 eoque
414 1664 577 1720 citius,
600 1677 699 1724 quo
725 1667 803 1708 est
826 1664 997 1718 acrior,
1022 1661 1221 1709 desinit.

174 1748 205 1796 4
314 1744 376 1792 Id
413 1759 634 1807 agamus,
674 1749 731 1789 ut
768 1742 986 1789 iucunda
1020 1743 1163 1790 nobis
1199 1747 1488 1792 amissorum
1525 1746 1610 1794 fiat
1645 1763 1698 1796 re

227 1826 462 1874 cordatio.
554 1824 717 1871 Nemo
742 1823 962 1870 libenter
983 1823 1048 1870 ad
1072 1823 1123 1871 id
1149 1824 1296 1882 redit,
1321 1826 1456 1888 quod
1487 1844 1590 1874 non
1614 1831 1690 1875 sin
1741 1859 1742 1867 κ

227 1913 481 1956 tormento
506 1909 814 1968 cogitaturus
839 1911 930 1951 est.
1004 1903 1086 1952 Sic
1112 1911 1165 1952 et
1182 1905 1198 1936 ¹
1224 1905 1347 1952 illud
1380 1906 1485 1954 fieri
1514 1925 1689 1957 necess
1733 1939 1742 1975 1³

227 1996 322 2049 est,
362 1995 422 2036 ut
468 2004 582 2034 cum
628 1986 795 2050 aliquo
841 1986 984 2032 nobis
1031 2003 1197 2033 morsu
1244 1991 1551 2048 amissorum,
1597 2007 1687 2054 qu
1733 1971 1742 2005 ¹²

225 2074 513 2127 amavimus,
538 2084 722 2115 nomen
747 2074 985 2114 occurrat.
1075 2066 1178 2115 Sed
1202 2068 1283 2115 hic
1307 2085 1507 2133 quoque
1531 2088 1660 2131 mors
1698 2121 1701 2123 ,

175 2156 203 2202 5
226 2152 382 2198 habet
423 2167 561 2197 suam
602 2149 930 2212 voluptatem.
1027 2149 1173 2208 Nam,
1214 2156 1273 2197 ut
1313 2150 1480 2198 dicere
1527 2153 1698 2200 soleb.¹

228 2233 430 2280 Attalus
458 2238 646 2290 noster,
671 2236 702 2258 “
717 2235 787 2277 sic
809 2233 1081 2277 amicorum
1106 2230 1459 2291 defunctorum
1483 2250 1648 2281 memo
1677 2234 1705 2248 '¹

534 2317 547 2342 ¹
576 2318 637 2359 sic
655 2323 694 2359 et
715 2316 872 2358 Hense
890 2334 901 2365 ς
929 2317 990 2358 sic
1007 2323 1056 2359 ut
1077 2316 1222 2369 pLV2
1251 2318 1310 2359 sic
1334 2318 1410 2361 Pb.

293 2436 314 2453 ‘²
344 2426 531 2472 Homer,
556 2425 686 2467 Iliad.
711 2426 796 2466 xix.
822 2427 900 2465 229
921 2423 1011 2464 and
1030 2426 1147 2467 xxiv,
1173 2428 1265 2466 602.

296 2482 312 2507 ὸ
340 2480 435 2521 The
453 2479 634 2521 teacher
653 2478 705 2519 of
720 2477 907 2526 Seneca,
929 2479 1052 2519 often
1074 2479 1333 2521 mentioued
1352 2480 1413 2534 by
1434 2481 1538 2523 him.

230 2551 328 2594 430
