1742 2872
476 118 624 166 THE
660 118 982 167 EPISTLES
1018 118 1109 167 OF
1145 117 1411 167 SENECA

196 227 323 274 nihil
348 227 503 274 habet
526 230 659 282 veri;
696 213 899 274 movere
933 226 1042 273 vult
1077 227 1277 273 turbam
1312 232 1368 273 et
1389 226 1695 273 inconsultas

130 306 155 311 ’“
198 321 341 351 aures
387 308 565 367 inpetu
612 321 803 367 rapere,
851 304 1164 351 tractandam
1216 320 1269 351 se
1315 320 1418 351 non
1469 305 1696 367 praebet,
1740 344 1742 347 .

199 382 435 429 aufertur.
510 381 776 440 Quomodo
810 389 982 429 autem
1013 398 1190 444 regere
1223 387 1408 444 potest,
1433 399 1561 445 quae
1590 386 1697 444 regi
1736 384 1742 415 ⁴⁵

201 476 302 506 non
326 461 534 522 potest?
605 458 758 517 Quid,
783 459 918 521 quod
950 458 1075 506 haec
1108 462 1282 517 oratio,
1308 476 1436 522 quae
1465 459 1697 506 sanandis

201 537 455 583 mentibus
515 537 801 594 adhibetur,
861 536 1170 583 descendere
1234 540 1287 582 in
1355 553 1446 584 nos
1504 537 1700 585 debet?

206 613 446 660 Remedia
470 631 571 660 non
596 620 822 676 prosunt,
845 617 942 660 nisi
970 617 1294 661 inmorantur.

152 693 182 739 5
290 691 510 738 Multum
546 698 807 754 praeterea
842 691 998 739 habet
1034 695 1291 739 inanitatis
1328 698 1381 739 et
1423 696 1554 750 vani,
1588 692 1701 755 plus

202 776 347 817 sonat
365 786 515 833 quam
534 770 681 816 valet.
746 769 1007 816 Lenienda
1026 775 1159 827 sunt,
1177 786 1305 832 quae
1324 785 1405 816 me
1425 775 1702 827 exterrent,

203 846 567 908 conpescenda,
593 863 721 910 quae
747 850 973 905 inritant,
993 847 1325 905 discutienda,
1349 863 1477 910 quae
1502 846 1702 905 fallunt,

202 923 479 971 inhibenda
513 924 722 982 luxuria,
748 924 1061 987 corripienda
1095 928 1333 980 avaritia;
1369 924 1490 987 quid
1527 924 1702 970 horum

204 1006 387 1064 raptim
412 1008 581 1064 potest
605 1002 711 1048 fieri
731 1005 750 1049 ?
820 1001 946 1060 Quis
965 1002 1189 1049 medicus
1213 1018 1388 1066 aegros
1412 1005 1465 1048 in
1490 1005 1727 1066 transitu}

205 1080 381 1126 curat?
452 1078 605 1138 Quid,
642 1079 776 1143 quod
824 1097 889 1126 ne
936 1079 1250 1142 voluptatem
1297 1079 1504 1142 quidem
1551 1067 1721 1126 ullam‘

206 1156 361 1203 habet
385 1157 500 1203 talis
526 1158 788 1204 verborum
813 1161 920 1204 sine
940 1157 1132 1204 dilectu
1150 1160 1405 1204 ruentium
1430 1160 1669 1220 strepitus
1685 1158 1722 1213 Ρ,

75 1267 79 1272 -
157 1241 186 1287 6
207 1233 309 1281 Sed
333 1240 391 1281 ut
408 1234 665 1297 pleraque,
685 1251 814 1298 quae
839 1235 943 1281 fieri
969 1251 1112 1297 posse
1131 1251 1230 1281 non
1252 1234 1495 1291 crederes,
1522 1250 1705 1296 cogno·
1731 1223 1734 1237 ¹

205 1315 333 1359 visse
358 1315 477 1358 satis
502 1319 596 1370 est,
615 1315 686 1359 ita
710 1316 846 1370 istos,
867 1315 952 1375 qui
973 1312 1123 1359 verba
1140 1317 1490 1369 exercuerunt,
1505 1309 1706 1357 abunde

207 1395 285 1436 est
331 1388 488 1436 semel
536 1388 748 1437 audisse.
815 1387 960 1447 Quid
1007 1392 1142 1435 enim
1184 1392 1294 1452 quis
1325 1388 1550 1450 discere,
1585 1386 1724 1452 quidss

207 1469 390 1513 imitari
408 1466 566 1513 velit?
635 1465 776 1525 'Quid
794 1466 859 1513 de
885 1482 1057 1513 eorum
1081 1469 1247 1512 animo
1270 1465 1477 1523 iudicet,
1497 1481 1742 1532 quorum

208 1547 365 1590 oratio
397 1545 689 1606 perturbata
714 1550 767 1590 et
790 1547 993 1590 inmissa
1028 1550 1106 1590 est
1140 1559 1236 1590 nec
1264 1549 1435 1605 potest
1466 1544 1708 1604 reprimi?
1740 1540 1742 1586 ξ

160 1633 187 1682 7
210 1620 648 1680 Quemadmodum
702 1638 793 1684 per
838 1621 1056 1684 proclive
1115 1624 1420 1668 currentium
1474 1637 1575 1667 non
1622 1619 1730 1666 ubi

209 1702 369 1746 visum
429 1705 522 1757 est,
580 1699 764 1762 gradus
822 1702 1030 1757 sistitur,
1077 1698 1167 1745 sed
1224 1701 1434 1744 incitato
1492 1699 1726 1764 corporis¹

209 1776 432 1839 pondere
451 1792 504 1823 se
529 1781 660 1839 rapit
677 1777 693 1806 1
719 1793 776 1822 ac
800 1776 1001 1839 longius
1020 1793 1168 1839 quam
1190 1776 1347 1822 voluit
1367 1775 1572 1822 effertur
1590 1791 1602 1831 ;
1639 1777 1679 1821 si
1734 1809 1739 1821 ,

209 1857 305 1900 ista
352 1854 554 1900 dicendi
591 1854 956 1908 celeritas-nec
992 1857 1044 1900 in
1083 1870 1171 1900 sua
1211 1859 1465 1916 potestate
1501 1859 1579 1900 est
1613 1854 1742 1898 nec‘

210 1935 328 1978 satis
364 1931 544 1978 decora
580 1930 942 1994 philosophiae,
966 1947 1096 1995 quae
1128 1947 1316 1993 ponere
1351 1930 1507 1977 debet
1543 1930 1693 1976 verba
1736 1921 1742 1942 ’ᾖ

209 2025 311 2056 non
335 2013 575 2071 proicere,
601 2015 655 2056 et
683 2009 1055 2072 pedetemptim
1086 2008 1370 2070 procedere.

387 2137 401 2162 1
429 2150 472 2178 ee
490 2137 611 2190 rapit
631 2136 745 2178 later
765 2135 897 2178 MSS.
919 2153 931 2185 ς
960 2137 1094 2190 serpit
1116 2135 1223 2177 LPb
1241 2153 1253 2184 ς
1281 2136 1473 2189 serpitur
1491 2148 1534 2189 p.

211 2347 487 2401 interpreted
506 2361 555 2389 as
575 2362 603 2388 a
622 2346 854 2388 definition
871 2347 924 2388 of
939 2350 1158 2400 παράδοξα..
1222 2347 1265 2387 It
1283 2348 1318 2387 is
1338 2360 1461 2388 more
1480 2346 1666 2400 probabl

212 2403 432 2448 however,
453 2401 555 2442 that
574 2402 630 2442 he
657 2404 695 2442 is
721 2403 983 2455 comparing
1002 2401 1110 2442 with
1129 2400 1208 2442 the
1229 2400 1445 2455 juggler’s
1465 2400 1605 2441 tricks
1631 2400 1681 2441 th
1723 2398 1727 2449 ξ

212 2456 364 2497 verbal
391 2456 722 2509 performances
742 2455 793 2496 of
817 2456 984 2496 certain
1012 2454 1243 2502 lecturers‚
1266 2455 1417 2496 whose
1438 2454 1598 2509 jargon
1624 2452 1713 2498 ond

213 2510 402 2551 marvels
423 2514 471 2550 at
492 2510 572 2551 but
591 2509 699 2551 does
720 2513 799 2551 not
818 2523 920 2550 care
938 2512 987 2550 to
1007 2508 1115 2550 hear
1134 2510 1282 2562 again.

216 2574 314 2624 266

279 2302 299 2321 ‘²
328 2293 534 2336 Seneca's
554 2293 732 2347 phrase,
754 2307 861 2347 quae
879 2293 985 2346 fieri
1007 2306 1132 2347 posse
1156 2307 1247 2334 non
1266 2294 1466 2340 crederes,
1489 2292 1571 2334 has
1595 2292 1728 2451 beeq·

1681 2670 1721 2741 μή
