1742 2872
493 95 640 141 THE
676 93 996 142 EPISTLES
1028 61 1122 140 vOF
1157 93 1419 156 SENECA

214 203 503 250 sanantibus
527 201 738 256 litteris;
773 215 947 247 omnes
970 203 1090 246 istos
1115 199 1486 246 oblectamenta
1510 199 1714 246 fallaci
1739 200 1742 201 ’

214 277 267 317 et
292 270 461 315 brevia
492 268 767 330 decipiunt,
794 271 921 313 sicut
953 267 1184 324 ebrietas,
1214 283 1342 329 quae
1374 270 1519 312 unius
1554 266 1714 313 hora?

115 340 141 345 ’”
215 337 421 383 hilarem
445 339 687 382 insaniam
718 334 856 397 longi
889 336 1128 396 temporis
1160 334 1328 380 taedio
1357 341 1550 395 pensat,
1576 336 1715 380 sicu

212 404 413 466 plausus
447 409 501 449 et
530 402 907 449 adclamationis
939 400 1188 447 secundae
1224 400 1376 459 favor,
1401 405 1486 464 qui
1523 417 1713 465 magn

213 465 550 517 sollicitudine
575 475 628 516 et
652 475 822 531 partus
847 475 924 515 est
949 474 1002 515 et
1028 467 1316 530 expiandus.
1700 474 1702 476 ’
1739 517 1742 520 ,

135 541 192 586 16
302 538 414 583 Hoc
451 553 571 599 ergo
606 539 788 598 cogita,
823 535 957 582 hunc
994 551 1101 582 esse
1143 538 1417 597 sapientiae
1454 529 1716 582 effectum}

214 604 383 668 gaudii
431 603 800 666 aequalitatem.
896 602 1028 648 Talis
1076 608 1154 649 est
1211 606 1450 664 sapientis
1495 605 1688 649 animus
1705 620 1713 666 J
1739 605 1742 634 ³

214 672 373 736 qualis
406 670 653 716 mundus1
692 686 840 732 super
874 670 1071 725 lunam;
1108 686 1305 731 semper
1339 670 1440 716 illic
1473 685 1711 716 serenus·

216 746 306 786 est.
372 738 545 784 Habes
566 753 686 799 ergo
705 743 759 783 et
774 736 793 766 2
817 753 968 799 quare
988 736 1112 782 velis
1136 741 1331 798 sapiens
1356 753 1480 794 esse,
1500 739 1539 782 si
1564 753 1684 782 num
1709 767 1715 786 ·,

216 805 400 869 quam3
425 808 531 851 sine
564 803 747 866 gaudio
780 809 869 850 est.
944 803 1196 849 Gaudium
1234 803 1327 850 hoc
1360 820 1460 849 non
1489 807 1715 850 nascitu

135 875 191 922 17
214 877 310 919 nisi
346 888 407 919 ex
444 875 684 918 virtutum
721 874 1039 918 conscientia.
1114 871 1228 917 Non
1263 877 1431 933 potest
1472 871 1692 933 gaudere
1733 919 1737 934 δ

215 943 310 986 nisi
334 939 492 996 fortis,
511 942 606 984 nisi
630 941 806 995 iustus,
822 941 914 983 nisi
942 944 1241 999 temperans.
1303 943 1334 965 “
1349 937 1487 995 Quid
1507 939 1662 1001 ergo?
1679 937 1689 954 ’
1731 936 1735 962 1

214 1010 393 1069 inquis,
425 1004 627 1051 “Stulti
658 1021 715 1051 ac
748 1005 865 1051 mali
897 1021 997 1051 non
1031 1004 1333 1068 gaudent?''
1410 1005 1521 1051 Non
1552 1009 1697 1069 magi
1731 1022 1736 1063 2

215 1090 363 1137 quam
399 1072 633 1135 praedam
670 1075 839 1118 nancti
865 1071 1050 1119 leones.
1123 1072 1247 1119 Cum
1285 1072 1622 1135 fatigaverunt
1657 1089 1706 1130 sa,

215 1144 330 1187 vino
354 1156 411 1186 ac
444 1139 752 1197 libidinibus,
777 1156 890 1185 cum
916 1139 1025 1185 illos
1058 1155 1157 1186 nox
1190 1143 1322 1186 inter
1353 1143 1473 1186 vitia
1505 1139 1735 1187 defeci·-

214 1224 328 1254 cum
358 1206 642 1269 voluptates
674 1212 888 1268 angusto
921 1210 1111 1269 corpori
1143 1207 1274 1253 ultra
1306 1223 1455 1270 quam
1481 1208 1715 1270 capieba

214 1278 442 1336 ingestae
467 1289 739 1336 suppurare
772 1280 1064 1335 coeperunt,
1089 1280 1211 1320 tunc
1236 1274 1518 1322 exclamant
1544 1278 1666 1322 mise

215 1341 558 1404 Vergilianum
584 1340 725 1386 illum
751 1356 976 1387 versum:
1707 1335 1713 1343 ⁴

377 1415 585 1469 Namque
605 1419 656 1456 ut
675 1428 930 1468 supremam
950 1415 1065 1457 falsa
1084 1418 1200 1458 inter
1218 1417 1383 1470 gaudia
1404 1420 1580 1458 noctem

375 1469 626 1523 Egerimus,
648 1471 778 1510 nosti.

134 1541 193 1587 18
215 1536 436 1583 Omnem
494 1536 728 1582 luxuriosi
788 1543 990 1582 noctem
1048 1540 1182 1584 inter
1236 1536 1361 1583 falsa
1419 1537 1600 1600 gaudia
1658 1554 1686 1585 e
1741 1528 1742 1535 ¹

214 1603 419 1666 quidem
455 1609 712 1665 tamquam
748 1619 1030 1665 supremam
1071 1610 1260 1667 agunt;
1296 1604 1419 1651 illud
1456 1605 1692 1666 gaudium
1741 1626 1742 1654 1

215 1670 348 1733 quod
390 1669 510 1716 deos
547 1670 854 1733 deorumque
889 1671 1110 1717 aemulos
1147 1675 1386 1734 sequitur,
1422 1689 1522 1718 non
1557 1675 1691 1719 inter
1739 1667 1742 1738 1

215 1740 478 1799 rumpitur,
514 1753 613 1783 non
651 1737 867 1793 desinit3
903 1737 1174 1795 desineret,
1212 1742 1251 1785 si
1287 1745 1543 1802 sumptum
1579 1755 1686 1787 esse
1734 1752 1742 1808 ⁴<

284 1822 298 1847 ¹
326 1824 515 1864 mundus
529 1822 696 1863 b¹V2P2
711 1839 723 1869 ς
738 1823 893 1864 ‘mundi
911 1822 1098 1876 pLV¹P¹
1114 1841 1125 1871 ς
1150 1825 1305 1866 mundi
1318 1830 1457 1867 status
1469 1825 1682 1867 Erasmus

218 1877 348 1922 facies
364 1877 520 1918 mundi
539 1876 710 1918 Hense.

282 1929 300 1955 ²
328 1935 366 1971 et
386 1929 541 1971 Haase
558 1947 570 1978 ;
597 1936 647 1971 ut
665 1930 799 1984 pLV‚
820 1931 1009 1972 omitted
1030 1933 1072 1972 in
1097 1931 1174 1973 Pb.
1731 1966 1735 1995 ί

280 1983 298 2009 ⁸
327 1997 423 2030 esse,
440 1984 478 2025 si
491 1998 596 2024 num
624 1999 727 2024 uam
746 1984 898 2025 Haase
915 2002 926 2032 ;
956 1999 1038 2026 esse
1061 1991 1099 2027 et
1118 1987 1261 2027 sinum
1280 2000 1409 2040 quam
1429 2000 1458 2040 p
1475 2003 1487 2034 ;
1508 2001 1590 2028 esse
1609 1988 1682 2042 qui

213 2039 251 2079 εἰ
268 2052 504 2091 numquam
523 2037 562 2078 L
613 2037 735 2080 PbO.

280 2122 302 2141 ‘²
330 2114 502 2156 Seneca
516 2118 691 2156 returns
710 2119 759 2156 to
773 2116 850 2156 the
870 2115 1100 2157 definition
1122 2116 1174 2157 of
1185 2117 1396 2170 glaudium
1411 2119 1543 2171 given
1563 2120 1608 2159 in
1626 2121 1646 2168 ἓ
1661 2121 1686 2159 2

217 2174 246 2191 “
262 2167 299 2208 T
301 2182 378 2209 rue
392 2168 473 2222 joy
488 2182 624 2209 never
638 2182 790 2210 ceases
806 2170 896 2210 and
912 2183 1046 2211 never
1060 2171 1258 2224 changes
1278 2173 1373 2212 into
1388 2173 1446 2213 its
1463 2174 1676 2226 opposite.

218 2222 259 2262 It
281 2223 317 2263 is
338 2226 418 2263 not
438 2222 613 2276 subject
630 2226 679 2264 to
699 2237 782 2277 ups
803 2224 894 2264 and
913 2224 1079 2266 downs.

281 2277 298 2302 ¹²
330 2275 397 2329 C'f.
415 2275 602 2324 Seneca,
620 2277 683 2318 De
702 2278 796 2325 Ira,
814 2279 871 2319 iii.
889 2275 930 2320 ’6.
953 2281 988 2319 1.
1050 2278 1145 2319 The
1166 2292 1306 2332 upper
1320 2278 1589 2327 firmament,
1605 2293 1661 2321 ne

213 2329 292 2370 the
307 2333 437 2377 stars,
455 2332 492 2372 is
513 2331 606 2371 free
625 2331 741 2372 from
755 2331 909 2373 clouds
925 2332 1015 2373 and
1035 2336 1211 2374 storms.
1274 2333 1316 2374 It
1335 2335 1372 2374 is
1388 2334 1519 2381 calm,
1536 2334 1687 2388 thoug-

214 2384 294 2424 the
315 2383 538 2437 lightning
556 2384 685 2438 plays
706 2385 860 2427 below,

281 2445 297 2462 ⁶
323 2437 509 2484 Aeneid,
541 2439 597 2479 vi.
632 2441 712 2479 513
728 2440 758 2480 f.
829 2439 924 2480 The
953 2440 1082 2492 night
1112 2442 1148 2481 is
1183 2440 1281 2481 that
1313 2441 1456 2482 which
1490 2441 1677 2495 precede

212 2491 291 2532 the
312 2491 419 2532 sack
440 2492 491 2532 of
506 2492 637 2545 Troy.

215 2561 313 2602 420
