1742 2872
484 124 630 171 THE
666 125 987 174 EPISTLES
1023 125 1113 172 OF
1149 125 1415 173 SENECA

203 232 473 279 Cleanthes
531 249 712 296 aquam
770 237 923 280 traxit
969 240 1023 280 et
1068 233 1277 296 rigando
1323 233 1469 280 horto
1514 234 1696 281 locavit

132 312 155 317 S
201 330 390 360 manus.
467 313 728 361 Platonem
751 331 854 361 non
882 318 1078 376 accepit
1109 313 1331 360 nobilem
1366 314 1696 377 philosophia3

200 394 291 441 sed
326 394 461 441 fecit.
535 393 672 452 Quid
697 401 774 442 est
799 411 951 458 quare
976 394 1212 457 desperes
1236 393 1313 440 his
1337 401 1391 442 te
1415 411 1559 457 posse
1591 395 1697 443 fie'ri

201 476 406 537 parem?
477 475 668 522 Omnes
702 475 754 522 hi
788 479 1000 522 maiores
1032 478 1108 522 tui
1133 481 1266 534 sunt,
1291 479 1331 521 si
1357 481 1409 522 te
1433 475 1530 522 illis
1565 481 1697 539 geris

201 556 442 619 dignum;
478 572 624 619 geres
647 563 835 615 autem,
861 560 901 602 si
926 556 1021 602 hoc
1053 560 1280 619 protinus
1315 556 1409 603 tibi
1444 560 1550 619 ipse
1586 574 1698 620 per-

150 638 181 684 4
203 641 427 695 suaseris,
469 654 498 683 a
544 637 682 683 nullo
730 643 783 684 te
830 638 1095 684 nobilitate
1142 641 1375 700 superari.
1450 638 1697 686 Omnibus

201 718 344 764 nobis
369 717 584 764 totidem
609 724 728 765 ante
752 735 842 765 nos
867 725 1015 775 sunt;
1050 719 1237 766 nullius
1261 735 1364 765 non
1393 723 1532 783 origo
1569 720 1698 767 ultra

202 802 491 845 memoriam
516 803 660 846 iacet.
736 799 914 846 Platon
937 804 1008 846 ait
1033 803 1288 847 neminem
1312 817 1484 864 regem
1509 818 1611 848 non
1636 818 1698 849 ex

202 882 354 926 servis
369 896 478 927 esse
497 868 1044 938 oriundum,neminem
1061 898 1258 928 servum
1266 883 1393 928 nonl
1411 899 1472 928 ex
1480 884 1694 945 regibus.

200 959 387 1007 Omnia
410 964 506 1008 ista
529 961 681 1025 longa
705 965 916 1008 varietas
941 966 1141 1009 miscuit
1165 969 1219 1010 et
1247 979 1442 1010 sursum
1465 963 1698 1010 deorsum
1734 889 1742 1016 ⁴

150 1047 178 1093 5
200 1040 401 1088 fortuna
425 1046 652 1089 versavit.
725 1042 851 1100 Quis
877 1049 954 1090 est
978 1046 1287 1106 generosus?
1357 1044 1439 1091 Ad
1458 1047 1697 1092 virtutem

200 1123 331 1170 bene
372 1140 402 1169 a
441 1108 620 1170 natura
660 1127 959 1186 conpositus.
1036 1125 1150 1171 Hoc
1197 1142 1352 1172 unum
1395 1126 1696 1172 intuendum

200 1210 307 1259 est3
339 1204 559 1267 alioquin
584 1208 624 1250 si
648 1204 713 1251 ad
737 1211 909 1251 vetera
934 1221 1150 1264 revocas,
1169 1223 1319 1253 nemo
1338 1223 1440 1253 non
1463 1207 1582 1253 inde
1603 1213 1696 1265 est,
1741 1267 1742 1273 ἵ

198 1288 318 1331 ante
342 1284 478 1348 quod
501 1285 628 1331 nihil
661 1292 750 1332 est.
827 1286 871 1331 A
907 1289 1067 1349 primo
1092 1287 1266 1334 mundi
1301 1294 1414 1334 ortu
1450 1304 1608 1351 usque
1643 1291 1696 1335 in
1740 1280 1742 1354 ξ

199 1364 294 1412 hoc
329 1372 531 1429 tempus
572 1366 808 1429 perduxit
845 1383 937 1414 nos
973 1383 1035 1414 ex
1072 1369 1348 1430 splendidis
1384 1369 1696 1433 sordidisque
1740 1364 1742 1376 ²

198 1447 448 1495 alternata
483 1451 647 1495 series.
743 1448 860 1494 Non
885 1447 1007 1495 facit
1035 1449 1257 1496 nobilem
1282 1453 1464 1496 atrium
1488 1449 1695 1512 plenum
1736 1377 1742 1553 Ι

199 1528 405 1576 fumosis
440 1530 754 1592 imaginibus.
830 1529 992 1576 Nemo
1016 1533 1069 1576 in
1093 1537 1315 1577 nostram
1340 1530 1548 1594 gloriam
1572 1533 1703 1582 vixit¹
1736 1558 1739 1594 J

198 1626 294 1657 nec
329 1610 463 1673 quod
504 1616 623 1657 ante
666 1627 755 1657 nos
793 1610 906 1669 fuit,
930 1617 1155 1658 nostrum
1194 1618 1272 1659 est
1290 1627 1303 1668 ;
1345 1615 1539 1658 animus
1574 1611 1696 1659 facit
1735 1603 1742 1641 ³}

199 1692 437 1749 nobilem,
454 1694 533 1738 cui
552 1708 614 1738 ex
634 1708 946 1755 quacumque
967 1692 1260 1740 condicione
1281 1709 1428 1755 supra
1443 1692 1695 1740 fortunam
1714 1680 1737 1733 2'¹

200 1772 321 1819 licet
344 1788 561 1835 surgere.

150 1867 178 1913 6
288 1853 413 1900 Puta
441 1857 613 1916 itaque
648 1860 702 1900 te
738 1869 839 1900 non
876 1857 1100 1916 equitem
1140 1854 1417 1901 Romanum
1454 1871 1581 1913 esse,
1606 1854 1694 1901 sed

200 1934 520 1990 libertinum3
568 1941 712 1997 potes
753 1933 849 1980 hoc
891 1938 1145 1998 consequi,
1186 1941 1244 1982 ut
1285 1935 1418 1982 solus
1459 1939 1523 1983 sis
1570 1936 1698 1982 liber

200 2018 334 2062 inter
351 2018 609 2079 ingenuos.
673 2020 704 2042 “
722 2013 987 2072 Quomodo
1001 2016 1057 2063 ?'’
1086 2019 1264 2079 inquis.
1327 2015 1380 2063 Si
1398 2017 1528 2064 mala
1546 2017 1698 2063 bona-
1718 2036 1722 2055 τ

200 2112 298 2159 que
323 2113 425 2143 non
449 2096 634 2159 populo
664 2102 866 2143 auctore
898 2096 1198 2144 distinxeris.
1275 2097 1585 2144 Intuendum
1619 2104 1698 2145 est
1716 2084 1727 2162 ’ᾗ

443 2214 458 2239 ¹
486 2228 656 2256 sewum
673 2228 762 2255 non
782 2213 969 2267 Madvig
986 2231 998 2262 ς
1026 2229 1116 2256 non
1133 2229 1302 2256 servum
1323 2214 1453 2257 MSS.

267 2346 460 2409 afflato,
487 2361 747 2408 Theaetetus,
770 2375 811 2415 p.
839 2364 918 2402 174
936 2375 977 2402 E.
1700 2391 1703 2395 »

268 2417 285 2443 ¹³
313 2415 533 2469 Compare
565 2415 671 2456 with
706 2415 783 2456 the
818 2416 959 2457 whole
989 2419 1227 2469 argument
1261 2415 1524 2464 Menander,
1563 2416 1705 2470 Frag:

200 2472 281 2511 533
301 2429 456 2517 Kockp
469 2469 662 2535 ending.
698 2473 736 2511 ὃς
765 2472 813 2509 ἂν
843 2474 885 2510 εὖ
913 2486 963 2521 ’γε
965 2474 1088 2521 -γονὼς
1116 2470 1142 2522 ᾗ
1170 2470 1223 2522 τῇ
1251 2475 1368 2522 φύσει
1397 2474 1492 2524 πρὸς
1521 2473 1695 2523 τάγαθά,

201 2527 274 2565 κᾶν
304 2527 453 2576 Αἰθίοψ
480 2522 518 2575 ᾗ,
551 2527 689 2576 μῆτερ,
723 2526 831 2564 ἐστὶν
863 2527 1032 2575 εὐγενής.

202 2594 297 2636 288
