1742 2872
438 176 584 224 THE
621 177 941 227 EPISTLES
979 179 1068 226 OF
1103 179 1369 228 SENECA
1416 144 1425 149 x

107 303 137 351 8
159 303 344 360 pariter
367 299 643 356 incedunt3
680 316 818 363 spem
854 307 1019 347 metus
1052 306 1288 363 sequitur,
1364 303 1470 348 Nec
1502 306 1653 350 miror

109 403 134 408 ··
157 390 252 434 ista
276 391 344 433 sic
369 390 470 444 ire3
506 394 776 451 utrumque
796 389 1067 450 pendentis
1092 393 1244 435 animi
1269 396 1362 448 est,
1382 396 1650 453 utrumque

158 476 313 523 futuri
339 481 717 538 exspectatione
743 477 958 524 solliciti.
1035 478 1254 524 Maxima
1277 485 1450 525 autem
1470 485 1650 526 utrius-

157 581 254 627 que
279 581 426 612 causa
462 572 556 624 est,
581 566 716 628 quod
749 583 851 612 non
883 566 947 612 ad
981 571 1266 628 praesentia
1290 574 1536 629 aptamur,
1562 569 1652 615 sed

156 657 487 715 cogitationes
546 657 597 700 in
663 655 939 717 longinqua
994 659 1375 717 praemittimus,
1474 656 1652 719 Itaque

156 741 488 804 providentia,
519 746 791 788 maximum
826 743 1014 789 bonum
1047 743 1354 790 condicionis
1386 744 1652 803 humanae,

105 830 132 876 9
158 834 207 876 in
250 830 435 876 malum
478 847 618 877 versa
660 837 750 877 est.
827 831 982 877 Ferae
1023 831 1260 893 pericula,
1297 848 1424 894 quae
1460 832 1653 891 vident,

156 918 389 980 fugiunt3
425 935 539 964 cum
565 917 802 981 effugere,
828 935 1032 965 securae
1063 926 1211 976 sunt;
1248 937 1337 967 nos
1363 927 1417 967 et
1442 927 1654 968 venturo
1707 948 1714 982 1

155 1013 447 1069 torquemur
488 1013 542 1053 et
577 1010 862 1069 praeterito.
938 1007 1103 1053 Multa
1141 1008 1272 1054 bona
1307 1015 1475 1055 nostra
1510 1010 1653 1056 nobis

154 1101 357 1152 nocent,
398 1098 590 1142 timoris
632 1098 768 1142 enim
808 1102 1118 1142 tormentum
1161 1100 1398 1143 memoria
1439 1097 1653 1155 reducit,
1710 1083 1719 1127 ᾗ

156 1184 470 1246 providentia
510 1187 766 1246 anticipat.
861 1184 1021 1231 Nemo
1064 1191 1263 1231 tantum
1303 1187 1653 1249 praesentibus

156 1275 306 1319 miser
329 1277 419 1319 est.
494 1271 644 1318 VALE.

863 1421 948 1469 VI.

503 1549 698 1598 SENECA
736 1550 937 1596 ch1L10
974 1565 1057 1596 SVO
1094 1565 1311 1597 SALVTEM

106 1683 128 1731 1
242 1684 512 1747 Intellego,
550 1683 728 1740 Lucili,
766 1699 866 1728 non
909 1680 1167 1728 emendari
1208 1698 1289 1728 me
1328 1688 1526 1729 tantum
1565 1683 1654 1731 sed

155 1772 505 1836 transfigurari.
581 1771 688 1817 Nec
713 1770 808 1816 hoc
833 1772 1073 1832 promitto
1098 1772 1196 1815 iam
1228 1775 1317 1816 aut
1341 1785 1502 1831 spero,
1526 1771 1654 1818 nihil

155 1866 207 1909 in
231 1877 314 1908 me
339 1875 616 1922 superesse,
642 1857 775 1922 quod
802 1855 1102 1903 mutandum
1128 1860 1204 1903 sit.
1280 1856 1470 1915 Quidni
1496 1859 1655 1906 multa

156 1950 385 2008 habeam,
418 1965 546 2011 quae
583 1947 806 1994 debeant
842 1945 1027 2008 colligi,
1052 1962 1180 2008 quae
1218 1950 1495 2004 extenuari,
1525 1964 1654 2010 quae

155 2040 356 2088 attolli?
426 2038 495 2085 Et
534 2036 627 2083 hoc
668 2039 832 2098 ipsum
873 2040 1228 2097 argumentum
1270 2040 1349 2081 est
1390 2037 1442 2080 in
1477 2035 1655 2082 melius
1738 2055 1742 2073 ι

156 2127 383 2176 translati
410 2129 579 2182 animi,
604 2123 739 2188 quod
764 2126 885 2170 vitia
910 2139 1013 2180 sua,
1032 2138 1161 2186 quae
1186 2121 1350 2168 adhuc
1375 2124 1654 2186 ignorabat,

156 2217 310 2263 videt,
399 2212 712 2272 Quibusdam
759 2214 922 2274 aegris
968 2209 1239 2273 gratulatio
1285 2210 1359 2268 fit,
1400 2227 1514 2257 cum
1562 2215 1655 2274 ipsi

157 2321 332 2367 aegros
358 2320 410 2350 se
436 2319 543 2349 esse
569 2305 848 2348 senserunt.

108 2395 136 2441 2
244 2393 491 2455 Cuperem
519 2394 690 2452 itaque
714 2395 885 2435 tecum
910 2390 1277 2433 communicare
1302 2392 1407 2433 tam
1440 2387 1655 2434 subitam

161 2484 493 2528 mutationem
529 2481 659 2534 mei;
712 2483 835 2524 tunc
869 2478 1120 2522 amicitiae
1157 2481 1355 2521 nostrae
1393 2478 1657 2522 certiorem

161 2570 393 2616 fiduciam
434 2568 620 2614 habere
663 2569 950 2628 coepissem,
991 2564 1124 2610 illius
1166 2579 1329 2622 verae,
1364 2579 1514 2626 quam
1554 2581 1656 2611 non

165 2652 228 2693 24·
