1742 2872
111 399 134 404 -,
192 373 246 414 et
271 367 568 415 Aristoteles
594 375 647 415 et
670 372 831 415 omnis
862 371 913 414 in
948 369 1198 415 diversum
1231 372 1361 415 itura
1385 373 1685 431 sapientium

137 898 165 949 7

133 1919 156 1966 1

473 171 620 219 THE
657 170 976 220 EPISTLES
1014 170 1104 220 OF
1139 171 1406 221 SENECA
1451 204 1458 208 -

191 279 472 326 observavit
504 280 663 338 illum,
687 297 752 327 an
783 297 845 327 ex
877 279 1087 326 formula
1120 297 1208 327 sua
1231 284 1435 327 viveret.
1511 280 1687 328 Platon

190 456 338 502 turba
361 455 472 517 plus
497 473 558 503 ex
576 457 795 503 moribus
820 473 970 519 quam
995 473 1057 503 ex
1077 457 1239 503 verbis
1266 456 1481 502 Socratis
1505 460 1687 515 traxit3

192 543 537 590 Metrodorum
563 551 617 590 et
654 544 1022 591 Hermarchum
1055 552 1108 592 et
1144 545 1448 608 Polyaenum
1481 544 1711 611 magnos‘

189 634 317 678 viros
363 648 465 678 non
513 631 680 678 schola
726 633 930 695 Epicuri
978 633 1067 680 sed
1114 635 1499 681 contubernium
1548 636 1682 684 fecit.

191 719 298 766 Nec
338 723 390 766 in
431 719 526 766 hoc
567 726 620 767 te
659 737 856 768 accerso
892 727 1108 780 tantum,
1144 729 1202 769 ut
1240 723 1479 785 proficias,
1505 724 1594 771 sed
1629 731 1687 772 ut
1712 735 1742 780 ’,

188 812 373 871 prosis3
409 809 678 871 plurimum
705 813 838 856 enim
865 810 995 857 alter
1017 810 1163 858 alteri
1188 812 1514 860 conferemus.

272 896 483 944 Interim
508 901 743 960 quoniam
773 897 1003 944 diurnam
1026 899 1121 946 tibi
1144 900 1483 947 mercedulam
1507 901 1685 961 debeo,

186 986 308 1049 quid
340 1003 422 1033 me
447 986 598 1034 hodie
622 987 757 1049 apud
792 988 1109 1034 Hecatonem
1144 989 1473 1036 delectaverit
1505 990 1680 1038 dicam.

186 1079 220 1102 “
236 1073 494 1132 Quaeris,”
526 1078 706 1138 inquit,
733 1079 763 1102 “
780 1075 902 1138 quid
931 1075 1265 1138 profecerim?
1334 1078 1540 1124 Amicus
1577 1095 1684 1126 esse
1712 1114 1722 1152 ἱ,

186 1162 309 1209 mihi
335 1163 525 1226 coepi.”
600 1164 821 1211 Multum
840 1164 1082 1226 profecit3
1118 1182 1391 1228 numquam
1417 1171 1512 1214 erit
1536 1167 1680 1216 solus,

186 1249 324 1298 Scito
349 1251 482 1298 hunc
507 1256 722 1299 amicum
747 1254 977 1300 omnibus
1003 1270 1124 1303 esse.
1200 1254 1348 1301 VALE.

873 1607 989 1656 VII.

519 1760 713 1810 SENECA
751 1761 952 1808 chmo
988 1776 1072 1806 svo
1107 1774 1325 1806 SALVTEM

1734 1850 1742 1879 ι

249 1917 388 1976 Quid
422 1916 515 1963 tibi
551 1914 813 1962 vitandum
847 1916 1114 1976 praecipue
1151 1914 1423 1968 existimes,
1448 1912 1681 1974 quaeris?

181 2005 413 2052 Turbam,
490 2003 723 2050 Nondum
750 2002 823 2049 illi
857 2008 970 2049 tuto
994 2003 1334 2048 committeris.
1408 2000 1517 2062 Ego
1541 2005 1678 2065 certe
1725 2002 1742 2071 {f

180 2094 456 2141 confitebor
496 2091 882 2140 inbecillitatem
931 2106 1126 2146 meam;
1175 2105 1450 2152 numquam
1500 2103 1677 2144 mores,
1736 2103 1742 2118 ³

178 2199 302 2247 quos
345 2182 519 2240 extuli,
555 2181 731 2228 refero.
806 2179 1014 2243 Aliquid
1055 2195 1116 2226 ex
1142 2195 1218 2236 eo,
1254 2177 1389 2241 quod
1425 2179 1678 2239 conposui,
1737 2166 1742 2197 ³

179 2273 438 2328 turbatur3
476 2270 666 2333 aliquid
708 2286 770 2317 ex
809 2273 884 2327 iis,
920 2284 1050 2331 quae
1087 2266 1273 2329 fugavi,
1309 2265 1455 2313 redit.
1527 2264 1678 2324 Quod

177 2364 339 2423 aegris
398 2363 585 2417 evenit,
635 2374 758 2421 quos
817 2357 968 2419 longa
1030 2355 1332 2402 inbecillitas
1391 2370 1547 2417 usque
1618 2368 1678 2399 eo

177 2448 382 2505 adfecit,
419 2453 475 2494 ut
523 2462 768 2509 nusquam
816 2450 923 2492 sine
971 2444 1157 2490 offensa
1203 2442 1536 2506 proferantur,
1583 2431 1692 2488 hoc'

693 2579 714 2598 ‘²
743 2571 779 2614 F
782 2585 874 2624 rag.
899 2574 951 2612 26
973 2570 1158 2614 Fowler.

179 2647 241 2688 28
