1742 2872
100 408 123 412 ··
182 393 211 440 2
234 391 541 454 splendidae.
605 391 768 437 Tenes
789 395 963 455 utique
982 397 1236 452 memoria,
1254 401 1500 457 quantum
1519 398 1736 450 senseris}

520 107 666 155 THE
702 108 1022 157 EPISTLES
1059 110 1149 157 OF
1184 111 1448 158 SENECA

234 219 377 278 ponis
396 234 408 275 3
442 215 538 261 alia
573 222 744 262 tamen
779 216 865 261 illa
901 217 1128 279 voluptas
1164 224 1259 275 est,
1294 235 1422 280 quae
1459 221 1731 280 percipitur

235 320 297 349 ex
345 303 771 365 contemplatione
818 307 1003 351 mentis
1049 305 1113 351 ab
1154 309 1289 351 omni
1330 306 1444 352 labe
1481 322 1634 368 purae
1677 312 1734 372 et⁴l

232 479 487 541 gaudium,
535 496 649 526 cum
702 486 965 542 praetexta
1016 485 1178 543 posita
1235 485 1490 544 sumpsisti
1534 474 1742 534 virileml-

233 572 403 629 togam
428 573 482 613 et
505 569 559 612 in
582 566 742 613 forum
769 567 1018 614 deductus
1052 584 1135 625 es3
1170 572 1327 616 maius
1361 575 1588 632 expecta,
1615 579 1740 618 cum!

231 654 478 717 puerilem
515 658 737 716 animum
776 655 1066 718 deposueris
1115 663 1168 703 et
1208 664 1262 704 te
1303 661 1356 703 in
1397 661 1525 703 viros
1567 638 1742 719 philo-3

174 725 177 728 .
230 742 404 806 sophia
426 747 830 806 transscripserit.
905 744 1087 790 Adhuc
1112 749 1246 791 enim
1271 762 1373 791 non
1388 748 1603 808 pueritia
1621 745 1725 805 sed,

230 831 366 894 quod
392 838 470 878 est
493 835 707 894 gravius,
733 831 992 893 puerilitas
1009 839 1263 880 remanet.·
1324 834 1392 880 Et
1411 833 1504 879 hoc
1521 833 1727 896 quidem

231 923 371 982 peior
387 920 404 950 1
436 926 530 978 est,
556 920 691 982 quod
726 924 1079 967 auctoritatem
1120 920 1363 968 habemus
1389 939 1582 979 senum,
1607 924 1728 968 vitia

229 1025 512 1072 puerorum,
538 1024 632 1054 nec
657 1024 923 1070 puerorum
948 1015 1148 1055 tantum
1185 1009 1274 1056 sed
1305 1009 1570 1056 infantum.
1645 1008 1726 1054 Illi

227 1095 376 1153 levia,
400 1095 453 1141 hi
478 1095 602 1141 falsa
625 1095 916 1153 formidant,
939 1112 1030 1143 nos
1055 1103 1279 1160 utraque.

177 1187 206 1234 3
317 1184 502 1231 Profice
549 1184 728 1240 modo3
782 1184 1054 1248 intelleges
1105 1185 1352 1248 quaedam
1399 1185 1515 1231 ideo
1562 1187 1726 1231 minus

229 1272 472 1329 timenda,
556 1275 638 1318 uia
685 1272 903 1319 multum
954 1279 1120 1319 metus
1167 1273 1417 1320 adferunt.
1517 1273 1722 1319 Nullum

195 1288 832 1495 (malum)est}magnum,
858 1361 993 1423 quod
1014 1367 1309 1413 ‚extremum
1335 1368 1423 1408 est.
1501 1362 1636 1407 Mors
1659 1361 1724 1408 ad

226 1458 280 1498 te
315 1454 483 1505 venit;
550 1448 754 1495 imenda
788 1455 911 1507 erat,
937 1453 975 1495 si
1010 1455 1181 1496 tecum
1214 1466 1323 1496 esse
1357 1456 1556 1512 posset;
1598 1449 1723 1497 snd²

226 1554 434 1586 necesse
460 1543 538 1584 est
561 1543 651 1585 aut
675 1554 777 1583 non
801 1542 1063 1599 perveniat
1087 1544 1175 1584 aut
1200 1543 1436 1584 transeat.

173 1631 202 1678 4
311 1633 343 1654 “
361 1626 576 1673 Difficile
593 1626 718 1684 est,''
737 1629 920 1688 inquis,
941 1631 973 1653 “
987 1629 1211 1672 animum
1230 1627 1505 1689 perducere
1525 1626 1590 1673 ad
1607 1643 1722 1673 con-

226 1719 560 1777 temptionem
597 1714 842 1760 animae.''
920 1714 1033 1760 Non
1069 1714 1226 1772 vides,
1256 1731 1406 1778 quam
1440 1731 1503 1762 ex
1535 1715 1722 1762 frivolis

224 1808 383 1851 causis
408 1804 796 1850 contemnatur?
867 1802 1011 1849 Alius
1029 1808 1149 1849 ante
1174 1806 1362 1850 amicae
1388 1802 1518 1850 fores
1542 1803 1721 1867 laqueo

224 1892 487 1955 pependit,
513 1892 638 1938 alius
668 1907 721 1937 se
758 1894 1108 1953 praecipitavit
1133 1907 1160 1937 e
1191 1897 1346 1950 tecto,
1370 1908 1436 1938 ne
1461 1891 1719 1938 dominum

222 1981 624 2029 stomachantem
649 1979 838 2026 diutius
862 1978 1078 2037 audiret,
1102 1979 1226 2026 alius
1251 1996 1316 2026 ne
1341 1979 1668 2027 reduceretur
1691 1996 1719 2027 e

223 2069 359 2133 fuga,
385 2068 572 2116 ferrum
595 2068 770 2130 adegit
793 2071 846 2114 in
871 2070 1070 2115 viscera.
1146 2068 1262 2114 Non
1298 2074 1444 2130 putas
1479 2072 1718 2116 virtutem
1739 2082 1742 2085 ⁴

222 2157 318 2205 hoc
355 2156 661 2214 effecturam,
694 2155 830 2219 quod
865 2155 1017 2202 efficit
1051 2158 1206 2202 nimia
1241 2155 1491 2203 formido?
1578 2157 1717 2204 Nulli

221 2252 393 2309 potest
434 2261 607 2292 secura
653 2247 756 2291 vita
802 2247 1114 2306 contingere,
1157 2247 1242 2307 qui
1284 2243 1349 2291 de
1396 2244 1717 2307 producenda

221 2338 368 2381 nimis
394 2337 600 2396 cogitat,
625 2336 711 2396 qui
739 2336 874 2379 inter
896 2348 1079 2395 magna
1102 2332 1233 2378 bona
1267 2332 1452 2380 multos
1488 2333 1716 2380 consules

450 2440 463 2466 ¹
496 2441 666 2487 Hense,
689 2440 804 2480 aster
824 2439 976 2487 Gertz,
997 2439 1111 2480 adds
1129 2453 1197 2480 ‘res
1215 2440 1332 2481 after
1351 2441 1484 2493 peior.

489 2495 506 2519 ²
534 2494 699 2535 malum
718 2499 777 2535 est
796 2493 886 2534 and
905 2494 979 2534 sed
995 2493 1192 2535 inserted
1211 2494 1273 2546 by
1293 2493 1441 2536 Gertz.

228 2565 287 2607 14
