1742 2872
384 170 530 218 THE
567 169 887 218 EPISTLES
927 170 1015 217 OF
1051 168 1319 218 SENECA

822 382 887 430 ΙΙ.

436 549 628 597 SENECA
667 550 868 596 chnAo
906 566 989 596 svo
1026 565 1243 596 SALVTEM

49 702 73 750 1
183 699 260 745 Ex
301 702 360 745 iis
403 716 531 762 quae
574 699 695 745 mihi
738 701 925 757 scribis,
969 707 1022 747 et
1064 717 1126 746 ex
1169 703 1228 746 iis
1270 715 1398 763 quae
1434 698 1600 756 audio,

99 777 282 836 onm
330 793 471 839 spem
518 777 583 823 de
630 784 684 823 te
738 781 994 840 concipio3
1064 794 1165 823 non
1221 777 1453 823 discurris
1506 792 1600 823 nec

99 843 321 901 locoriim
355 856 717 901 mutationibus
750 859 1056 918 inquietaris.
1132 855 1287 918 Aegri
1319 858 1471 901 animi
1506 858 1601 901 ista

100 924 304 978 iactatio
328 937 418 978 est.
497 932 716 978 Primum
739 939 1093 995 argumentum
1113 935 1398 995 conpositae
1417 935 1602 978 mentis

51 1008 79 1053 2
102 1012 333 1056 existimo
374 1025 519 1071 posse
563 1013 836 1057 consistere
884 1016 938 1056 et
984 1026 1152 1057 secum
1201 1013 1392 1055 morari.
1468 1008 1601 1054 Illud

101 1093 273 1133 autem
315 1086 446 1144 vide,
489 1103 555 1134 ne
596 1090 693 1134 ista
735 1088 888 1135 lectio
925 1093 1185 1134 auctorum
1227 1087 1500 1134 multorum
1548 1091 1602 1133 et

102 1167 262 1210 omnis
299 1167 498 1226 generis
536 1164 847 1211 voluminum
884 1164 1070 1212 habeat
1104 1164 1294 1227 aliquid
1331 1179 1513 1226 vagum
1549 1168 1603 1209 et

101 1241 349 1288 instabile.
407 1241 568 1288 Certis
583 1245 799 1305 ingeniis
818 1246 1052 1288 inmorari
1068 1248 1122 1289 et
1136 1244 1370 1288 innutriri
1385 1246 1601 1304 oportet,

102 1322 143 1365 si
167 1318 290 1365 velis
314 1319 505 1382 aliquid
528 1320 746 1378 trahere,
766 1320 901 1383 quod
920 1323 974 1366 in
992 1323 1159 1366 animo
1177 1319 1396 1366 fideliter
1409 1318 1597 1365 sedeat.

106 1397 363 1459 Nusquam
400 1403 493 1454 est,
518 1405 603 1460 qui
639 1398 825 1460 ubique
864 1403 954 1445 est.
1030 1397 1199 1444 Vitam
1230 1400 1281 1443 in
1315 1399 1602 1459 peregrina-

102 1477 242 1520 tione
301 1475 620 1536 exigentibus
682 1474 774 1521 hoc
834 1478 1022 1532 evenit,
1070 1480 1127 1521 ut
1178 1475 1339 1521 multa
1386 1473 1602 1536 hospitia

103 1550 337 1609 habeant,
366 1550 527 1597 nullas
559 1554 813 1598 amicitias.
889 1551 1033 1598 Idem
1065 1550 1260 1597 accidat
1292 1565 1499 1596 necesse
1525 1554 1603 1595 est

103 1631 179 1684 iis,
205 1630 290 1689 qui
322 1627 508 1674 nullius
541 1644 594 1675 se
627 1631 832 1691 ingenio
864 1627 1176 1674 familiariter
1209 1627 1477 1690 applicant,
1513 1625 1601 1673 sed

54 1706 82 1751 3
104 1708 271 1751 omnia
323 1708 503 1751 cursim
553 1712 607 1752 et
665 1711 991 1768 properantes
1044 1708 1408 1751 transmittunt.
1483 1703 1599 1750 Non

104 1781 311 1844 prodest
334 1782 472 1828 cibus
496 1799 591 1829 nec
616 1785 809 1844 corpori
832 1782 1046 1840 accedit,
1065 1785 1150 1845 qui
1176 1785 1347 1828 statim
1372 1786 1600 1842 sumptus

105 1863 384 1916 emittitur;
454 1859 580 1905 nihil
638 1876 799 1922 aeque
858 1863 1127 1906 sanitatem
1185 1858 1399 1921 impedit
1451 1873 1600 1920 quam

105 1936 442 1983 remediorum
484 1937 657 1983 crebra
693 1940 935 1992 mutatio;
988 1953 1091 1982 non
1136 1940 1274 1983 venit
1315 1935 1494 1981 vulnus
1537 1934 1601 1981 ad

107 2017 407 2072 cicatricem,
449 2017 502 2060 in
543 2031 642 2077 quo
683 2012 1052 2062 medicamenta
1093 2019 1442 2076 temptantur3
1502 2028 1602 2058 non

108 2091 411 2138 convalescit
457 2092 646 2154 planta,
688 2109 816 2156 quae
865 2109 1014 2155 saepe
1061 2091 1372 2139 transfertur.
1463 2089 1603 2135 Nihil

108 2176 215 2216 tam
260 2170 386 2216 utile
440 2176 533 2228 est,
582 2177 639 2217 ut
695 2174 747 2216 in
803 2174 1018 2217 transitu
1063 2173 1232 2232 prosit.
1331 2169 1605 2230 Distringit

110 2246 348 2293 librorum
372 2247 660 2294 multitudo.

196 2323 375 2387 Itaque
401 2341 513 2371 cum
546 2325 716 2388 legere
749 2342 851 2371 non
883 2328 1054 2388 possis,
1079 2330 1323 2388 quantum
1356 2323 1605 2380 habueris,

61 2400 91 2446 4
113 2404 231 2447 satis
284 2408 361 2448 est
415 2402 616 2460 habere,
664 2409 909 2466 quantum
962 2403 1112 2464 legas.
1202 2407 1234 2429 “
1254 2401 1356 2448 Sed
1405 2400 1601 2458 modo,''
1737 2413 1742 2437 1

111 2481 292 2540 inquis,
329 2484 360 2506 “
381 2478 514 2525 hunc
556 2479 737 2526 librum
777 2480 1005 2526 evolvere
1047 2479 1175 2536 volo,
1218 2479 1366 2526 modo
1413 2478 1602 2524 illu1n.''

114 2555 437 2602 Fastidientis
462 2556 705 2603 stomachi
731 2563 808 2603 est
836 2557 996 2603 multa
1024 2557 1322 2619 degustare3
1357 2572 1485 2619 quae
1521 2556 1601 2601 ubi

112 2630 143 2679 6
