1742 2872
490 130 638 176 THE
673 128 994 177 EPISTLES
1031 128 1120 176 OF
1155 126 1422 175 SENECA

210 241 567 286 intermittent.
659 236 886 283 Fortasse
919 242 1090 282 autem
1123 242 1177 282 et
1209 235 1461 294 desinent,
1487 239 1527 282 si
1551 240 1706 283 inter-

149 307 172 311 ἢ
213 319 451 366 mittendi
471 318 890 365 consuetudinem
908 316 1134 364 fecerint.
1200 316 1316 362 Non
1335 323 1413 364 est
1431 317 1526 364 hoc
1545 322 1708 380 ipsum

213 400 592 458 fastidiendum,
651 402 886 462 quoniam
944 397 1148 461 quidem
1213 401 1432 461 graviter
1496 400 1709 448 adfectis

165 483 192 530 9
216 485 444 530 sanitatis
473 481 583 527 loco
616 487 694 527 est
725 480 858 526 bona
881 483 1116 526 remissio.
1211 480 1347 526 Dum
1370 497 1452 527 me
1477 481 1549 527 illi
1574 499 1709 544 paro,

215 570 274 611 tu
292 566 512 620 interim,
531 566 617 625 qui
636 568 794 624 potes,
817 566 903 625 qui
918 561 1190 624 intellegis,
1211 561 1346 608 unde
1363 578 1461 625 quo
1482 568 1710 623 evaseriS,

217 652 272 693 et
297 662 358 692 ex
395 661 455 691 eo
488 647 766 706 suspicaris,
791 659 1050 706 quousque
1083 647 1148 690 sis
1182 659 1431 699 evasurus,
1466 662 1709 708 compone

218 743 380 774 mores
404 733 534 784 tuOS,
559 725 737 773 attolle
766 729 1005 783 animum,
1030 725 1265 772 adversus
1298 724 1565 773 formidata
1596 745 1712 775 con-

219 812 351 855 siste.
444 809 718 855 Numerare
755 823 839 854 eos
873 806 993 864 noli,
1027 810 1112 870 qui
1147 807 1242 853 tibi
1276 814 1470 853 metum
1505 808 1709 857 faciunt.

222 891 402 937 Nonne
428 890 658 936 videatur
686 889 887 946 stultus,
914 891 954 936 si
978 891 1088 951 quis
1114 887 1495 935 multitudinem
1520 906 1580 936 eo
1603 890 1714 938 loco

220 976 414 1031 timeat,
439 989 528 1035 per
553 988 703 1035 quem
738 974 978 1018 transitus
1015 970 1224 1033 singulis
1260 973 1378 1018 est?
1449 971 1625 1034 Aeque
1650 972 1714 1018 ad

218 1060 358 1101 tuam
383 1060 596 1100 mortem
623 1053 794 1100 multis
817 1052 984 1099 aditus
1008 1068 1111 1097 non
1135 1058 1230 1119 est,
1254 1051 1375 1099 licet
1398 1052 1536 1098 illam
1568 1052 1716 1101 multi

220 1140 490 1182 minentur.
582 1135 662 1182 Sic
687 1138 816 1181 istuc
840 1140 1019 1181 natura
1044 1133 1318 1195 disposuit:
1370 1136 1598 1195 spiritum
1622 1134 1716 1181 tibi

221 1224 326 1264 tam
349 1234 478 1264 unus
504 1221 683 1279 eripiet
709 1233 858 1279 quam
883 1232 1011 1262 unus
1036 1215 1192 1262 dedit.

139 1297 201 1344 10
296 1299 359 1345 Si
406 1299 649 1362 pudorem
696 1298 923 1354 haberes,
975 1296 1203 1343 ultimam
1250 1296 1374 1343 mihi
1421 1300 1715 1359 pensionem

221 1383 506 1428 remisisses.
580 1380 681 1427 Sed
706 1397 771 1426 ne
797 1395 892 1442 ego
912 1378 1116 1442 quidem
1140 1394 1226 1425 me
1248 1377 1445 1425 sordide
1470 1395 1640 1442 geram
1665 1383 1716 1427 in

221 1462 374 1510 finem
420 1466 546 1509 aeris
591 1462 743 1508 alieni
791 1467 845 1508 et
875 1461 985 1535 'tibi
1032 1460 1167 1524 quod
1214 1460 1394 1518 debeo,
1440 1463 1742 1524 inpingamQ

221 1549 254 1572 “
275 1545 560 1606 Numquam
600 1543 735 1590 volui
776 1542 961 1605 populo
1001 1541 1214 1604 placere.
1289 1541 1419 1587 Nam
1456 1558 1585 1605 quae
1623 1524 1742 1606 ego?

223 1629 339 1684 scio,
363 1642 466 1672 non
491 1626 669 1688 probat
697 1624 940 1688 populus;
994 1640 1123 1687 quae
1155 1624 1334 1686 probat
1366 1624 1596 1686 populus,
1621 1609 1735 1688 ego*

142 1711 197 1757 ll
222 1707 440 1755 nescio.’'
538 1706 711 1765 “Quis
760 1706 932 1752 hoc?”
984 1708 1166 1769 inquis,
1206 1711 1463 1768 tamquam
1509 1658 1742 1765 nescias,¹

223 1792 303 1836 cui
334 1792 578 1851 imperem
596 1789 643 1844 1;
677 1788 933 1850 Epicurus
1008 1787 1108 1834 Sed
1138 1787 1275 1834 idem
1299 1787 1394 1833 hoc
1418 1803 1591 1835 omnes
1623 1775 1730 1836 tibi²

224 1887 286 1918 ex
306 1874 441 1916 omni
461 1870 609 1916 domo
629 1869 1030 1926 conclamabunt,
1054 1868 1390 1931 Peripatetici,
1411 1868 1718 1928 Academici,

224 1951 395 2010 Stoici,
433 1952 618 2015 Cynici.
717 1950 841 2009 Quis
877 1954 1013 1996 enim
1055 1950 1253 2012 placere
1301 1949 1486 2013 populo
1532 1957 1701 2012 potest

224 2037 303 2081 cui
344 2033 513 2096 placet
560 2034 750 2079 virtus?
852 2031 998 2078 Malis
1046 2032 1236 2078 artibus
1283 2031 1534 2094 popularis
1581 2030 1693 2078 favo
1741 2095 1742 2098 Ἰ

224 2119 491 2178 quaeritur.
572 2114 799 2161 Similem
846 2120 900 2160 te
947 2112 1045 2159 illis
1093 2113 1243 2159 facias
1293 2118 1505 2174 oportet.
1603 2113 1681 2160 No

223 2196 524 2258 probabunt,
562 2198 658 2241 nisi
700 2198 1013 2257 agnoverint.
1065 2171 1255 2259 [Multo
1297 2200 1469 2240 autem
1509 2193 1573 2239 ad
1612 2210 1664 2240 re
1729 2207 1739 2234 π

290 2303 304 2328 ¹
333 2304 538 2357 imperem
562 2323 565 2326 ·
587 2302 679 2343 and
729 2302 930 2356 imperim
980 2301 1144 2351 MSS.;
1208 2303 1417 2355 imputem
1467 2301 1668 2343 Rossbac-

225 2357 469 2399 Buecheler
497 2357 774 2411 conjectures
807 2356 986 2403 nescias,
1017 2370 1088 2397 aes
1117 2356 1187 2397 cui
1218 2357 1434 2409 imperem,
1477 2361 1506 2378 “
1522 2368 1613 2408 you
1642 2356 1687 2397 di

225 2415 304 2453 not
324 2411 458 2452 know
476 2412 555 2452 the
575 2425 679 2452 man
701 2424 820 2463 upon
841 2409 990 2450 whom
1011 2410 1030 2450 Ι
1052 2423 1125 2450 am
1146 2410 1328 2463 levying
1347 2409 1416 2450 for
1435 2422 1462 2449 a
1483 2409 1630 2451 loan.”

599 2524 619 2544 ⁶
648 2516 883 2570 Epicurus,
906 2515 1036 2568 Frag.
1065 2518 1140 2556 187
1162 2515 1351 2557 Usener.

227 2587 322 2629 208
