1742 2872
451 138 598 186 THE
634 139 955 188 EPISTLES
992 139 1082 187 OF
1118 138 1383 187 SENECA

141 264 335 303 „rerum
371 252 593 295 omnium
627 253 840 311 sapiens,
865 266 968 296 non
1003 253 1194 296 exitum
1232 255 1440 312 spectat.
1516 248 1666 294 Initia

170 329 223 371 in
247 331 500 388 potestate
530 333 700 373 nostra
732 333 883 383 sunt3
920 327 985 374 de
1012 334 1200 374 eventu
1227 327 1430 373 fortuna
1462 326 1667 382 iudicat,

170 406 250 449 cui
269 402 334 449 de
352 419 435 450 me
454 406 760 451 sententiam
785 420 887 450 non
912 404 990 451 do.
1046 409 1078 432 “
1093 404 1165 451 At
1182 404 1372 467 aliquid
1392 406 1668 450 vexationis

170 479 382 538 adferet,
418 481 608 544 aliquid
643 481 885 528 adversi.’'
961 482 1074 528 Non
1112 481 1350 528 damnat¹
1386 481 1530 538 latro,
1555 497 1666 526 cum

172 558 369 606 occidit.

90 628 148 680 17
258 636 405 683 Nunc
456 636 519 683 ad
590 637 893 684 cotidianam
952 641 1134 699 stipem
1194 653 1398 683 manum
1445 639 1667 698 porrigis.

172 714 340 760 Aurea
364 719 416 761 te
441 718 572 777 stipe
597 714 834 777 implebo,
855 720 910 761 et
933 717 1050 778 quia
1072 713 1207 760 facta
1231 720 1310 761 est
1333 717 1438 760 auri
1463 717 1670 771 mentio,

170 794 342 854 accipe
367 791 788 854 quemadmodum
826 807 944 838 usus
979 791 1275 855 fructusque
1312 795 1419 838 eius
1447 792 1538 838 tibi
1562 807 1671 838 esse

172 871 360 932 gratior
406 872 576 931 possit.
673 868 770 915 “Is
828 872 1043 915 maxime
1097 868 1284 916 divitiis
1342 867 1540 926 fruitur,
1585 870 1672 931 qui

172 949 378 993 minime
399 946 586 993 divitiis
604 946 850 1009 indiget.’'
907 951 939 973 “
949 945 1107 1004 Ede,”
1125 949 1307 1009 inquis,
1327 944 1669 992 “auctorem.’'

176 1023 250 1070 Ut
274 1027 397 1071 scias
421 1040 571 1087 quam
607 1024 815 1086 benigni
853 1026 1022 1081 simus,
1049 1027 1361 1086 propositum
1397 1029 1474 1069 est
1509 1022 1673 1069 aliena

174 1101 412 1159 laudare;
449 1102 652 1165 Epicuri
685 1108 763 1148 est
799 1107 887 1148 aut
926 1101 1202 1148 Metrodori
1239 1107 1327 1148 aut
1362 1101 1570 1147 alicuius
1611 1116 1671 1147 ex

91 1175 154 1224 18
178 1180 261 1226 illa
279 1179 483 1226 officina.
549 1179 617 1226 Et
635 1179 757 1243 quid
774 1182 990 1226 interest
1009 1182 1119 1242 quis
1138 1179 1323 1225 dixerit
1343 1181 1362 1226 ?
1425 1177 1673 1224 Omnibus

176 1257 317 1304 dixit.
390 1256 492 1315 Qui
512 1263 632 1319 eget
651 1256 856 1314 divitiis,
870 1259 1020 1303 timet
1039 1272 1128 1318 pro
1147 1256 1259 1303 illis.
1323 1256 1485 1302 Nemo
1504 1261 1675 1301 autem

177 1334 392 1382 sollicito
438 1335 572 1381 bono
612 1334 795 1381 fruitur
815 1349 831 1393 ;¹
869 1333 1069 1380 adicere
1104 1333 1203 1379 illis
1249 1333 1439 1396 aliquid
1486 1331 1673 1379 studet.

180 1414 316 1460 Dum
331 1413 395 1460 de
410 1416 724 1460 incremento
739 1415 945 1475 cogitat,
961 1411 1146 1458 oblitus
1162 1418 1242 1458 est
1257 1427 1386 1458 usus.
1441 1411 1676 1456 Rationes

177 1493 376 1553 accipit,
414 1489 574 1537 forum
613 1493 848 1548 conterit,
883 1489 1231 1536 kalendarium
1278 1494 1474 1544 versat3
1522 1488 1580 1534 fit
1615 1503 1676 1534 ex

179 1568 384 1616 domino
407 1574 709 1632 procurator.
1455 1565 1608 1612 VALE.

870 1711 981 1761 XV.

522 1859 718 1909 SENECA
755 1859 956 1907 chimo
997 1875 1081 1905 svo
1117 1873 1334 1905 SALVTEM

129 1992 154 2044 1
268 1991 380 2037 Mos
404 1991 623 2051 antiquis
638 1987 737 2034 fuit
755 2002 913 2050 usque
931 1985 995 2032 ad
1016 2001 1179 2032 meam
1199 1990 1421 2031 servatus
1439 1990 1677 2041 aetatem,

183 2073 353 2133 primis
378 2066 625 2131 epistulae
649 2066 812 2112 verbis
837 2064 1068 2111 adicere:
1105 2067 1138 2090 “
1156 2061 1210 2109 Si
1245 2062 1380 2109 vales
1416 2062 1546 2108 bene
1583 2068 1677 2118 est,

182 2164 278 2211 ego
301 2146 490 2194 valeo.’'
566 2145 723 2191 Recte
746 2159 837 2190 nos
861 2142 1102 2189 dicimus:
1173 2145 1204 2167 “
1220 2139 1272 2187 Si
1297 2139 1676 2202 philosopharis,

248 2234 261 2259 ¹
292 2234 475 2275 damnat
537 2230 824 2277 Gronovius;
891 2229 1130 2269 damnatur
1189 2225 1319 2268 MSS.
1348 2243 1360 2274 ς
1425 2225 1679 2267 dominatur

182 2287 562 2340 Schweighauser.
639 2284 808 2330 Haase,
843 2281 1049 2323 followed
1087 2282 1147 2334 by
1187 2280 1360 2328 Hense,
1395 2279 1612 2321 indicates
1650 2293 1678 2320 a

181 2343 341 2384 lacuna
358 2341 475 2382 after
493 2339 657 2381 occidit.

246 2447 268 2466 ‘⁸
294 2437 530 2490 Epicurus,
556 2434 638 2488 Ep.
664 2435 722 2475 iii.
748 2446 791 2486 p.
815 2434 880 2473 63.
907 2434 958 2472 19
978 2431 1168 2472 Usener.
1739 2469 1742 2478 ,

247 2494 264 2519 ⁶
293 2490 471 2533 Named
518 2488 820 2530 kalendarium
856 2486 1049 2527 because
1095 2486 1283 2526 interest
1320 2496 1410 2524 was
1452 2482 1674 2524 reckoned
1739 2487 1742 2502 ¹

180 2546 421 2598 according
439 2550 488 2586 to
508 2543 588 2584 the
608 2541 808 2583 Kalends
826 2540 878 2581 of
894 2539 1004 2580 each
1024 2538 1195 2580 month.

180 2618 245 2667 94
