1742 2872
502 146 648 193 THE
684 147 1003 195 EPISTLES
1039 148 1130 196 OF
1165 147 1430 196 SENECA

159 253 198 308 -6
222 257 276 297 et
313 252 448 315 quod
483 253 594 315 plus
630 260 802 316 pateat
837 258 1090 302 introrsus.
1166 254 1279 312 Fac,
1316 271 1400 301 oro
1442 261 1512 312 te,
1547 254 1708 302 Lucili

221 343 486 399 carissime,
538 342 673 405 quod
730 359 886 389 unum
944 350 1113 405 potest
1170 350 1421 406 praestare
1479 343 1707 391 felicem:

221 428 399 475 dissice
436 435 490 475 et
519 429 754 476 conculca
783 434 894 488 ista,
919 447 1047 494 quae
1079 434 1387 478 extrinsecus
1422 429 1709 493 splendent,

221 533 349 580 quae
375 518 468 564 tibi
492 522 856 580 promittuntur
886 520 950 566 ab
984 519 1081 566 alio
1113 519 1194 566 vel
1218 536 1280 566 ex
1312 519 1425 577 alio,
1449 519 1514 565 ad
1538 536 1708 566 verum

222 606 409 652 bonum
450 613 622 669 specta
658 613 711 654 et
752 608 816 654 de
864 614 952 654 tuo
994 609 1171 670 gaude.
1245 607 1380 665 Quid
1423 614 1501 654 est
1540 614 1710 655 autem

222 693 315 740 hoc
368 695 479 741 “de
532 695 703 742 tuo''?
779 695 852 742 Te
903 700 1011 759 ipso
1071 703 1124 743 et
1181 699 1256 742 tui
1307 700 1497 759 optima
1552 703 1707 759 parte.

222 782 578 846 Corpusculum
621 800 837 848 quoque,
879 788 1033 832 etiam
1075 788 1115 831 si
1156 784 1281 831 nihil
1328 784 1435 831 fieri
1477 787 1583 831 sine
1624 785 1711 832 illo

221 878 406 934 potest,
430 876 589 935 magis
614 877 944 920 necessariam
968 890 1075 920 rem
1101 873 1250 920 crede
1276 889 1422 936 quam
1450 889 1711 936 magnam3

220 976 371 1007 vanas
419 964 645 1024 suggerit
692 961 991 1024 voluptates,
1035 961 1226 1019 breves,
1269 960 1614 1024 paenitendas,
1655 977 1712 1008 ac

220 1052 316 1096 nisi
343 1065 528 1112 magna
561 1049 902 1097 moderatione
941 1056 1306 1113 temperentur,
1330 1053 1383 1096 in
1412 1053 1712 1096 'contrarium

219 1138 451 1185 abituras.
526 1137 606 1185 Ita
624 1138 764 1184 dico:
800 1142 853 1184 in
877 1141 1137 1201 praecipiti
1157 1138 1384 1201 voluptas
1403 1138 1467 1185 ad
1491 1138 1713 1187 dolorem

220 1230 399 1289 vergit,
423 1230 518 1272 nisi
542 1226 747 1273 modum
771 1230 952 1274 tenuit.

305 1314 514 1362 Modum
561 1322 732 1362 autem
773 1321 950 1363 tenere
995 1317 1050 1362 in
1098 1331 1157 1362 eo
1205 1314 1405 1362 difficile
1448 1321 1541 1373 est,
1579 1314 1714 1378 quod

222 1405 406 1451 bonum
433 1420 541 1451 esse
566 1403 851 1451 credideris.
924 1403 1043 1451 Veri
1075 1404 1194 1450 boni
1229 1402 1440 1449 aviditas
1474 1409 1587 1450 tuta
1620 1409 1698 1450 est

169 1497 196 1545 7
219 1491 358 1551 Quid
382 1495 448 1539 sit
470 1492 623 1550 istud,
647 1495 942 1555 interrogas,
966 1498 1056 1539 aut
1079 1492 1214 1539 unde
1241 1492 1454 1539 subeat?
1513 1491 1691 1538 Dicam

220 1598 282 1628 ex
318 1582 448 1628 bona
482 1584 803 1639 conscientia,
840 1597 902 1627 ex
938 1580 1162 1628 honestis
1198 1580 1432 1638 consiliis,
1469 1596 1530 1626 ex
1566 1581 1691 1626 recti

218 1670 512 1728 actionibus,
533 1686 592 1716 ex
618 1676 915 1732 contemptu
939 1669 1274 1727 fortuitorum,
1290 1685 1352 1716 ex
1371 1668 1568 1732 placido
1584 1672 1685 1715 vita

220 1766 274 1807 et
297 1763 536 1806 continuo
565 1765 742 1806 tenore
767 1775 919 1805 unam
951 1761 1228 1822 prementis
1254 1761 1397 1804 viam.
1474 1757 1602 1803 Nam
1625 1756 1697 1803 illi

218 1851 305 1911 qui
337 1864 400 1895 ex
424 1847 532 1894 aliis
556 1850 820 1910 propositis
853 1850 906 1893 in
939 1846 1034 1893 alia
1058 1845 1347 1893 transiliunt
1371 1851 1457 1891 aut
1490 1861 1554 1891 ne
1581 1851 1692 1891 tran

218 1937 392 1984 siliunt
444 1936 665 2000 quidem,
713 1936 802 1983 sed
855 1951 971 1983 casu
1020 1935 1238 1998 quodam
1289 1937 1674 1981 transmittuntu

218 2025 468 2090 quomodo
526 2024 713 2072 habere
773 2027 1039 2087 quicquam
1107 2028 1300 2070 certum
1366 2037 1699 2081 mansurumvy

165 2121 194 2166 8
218 2119 427 2176 possunt
462 2116 687 2175 suspensi
724 2119 777 2159 et
812 2114 960 2175 vagi?
1035 2112 1183 2158 Pauci
1219 2116 1353 2168 sunt,
1389 2114 1476 2174 qui
1511 2109 1683 2156 consili

218 2218 271 2249 se
297 2218 483 2265 suaque
507 2201 793 2263 disponant,
810 2204 967 2247 ceteri
983 2216 1155 2247 eorum
1180 2215 1334 2256 more,
1350 2214 1478 2261 quae
1502 2196 1638 2243 flumi

220 2289 310 2335 bus
350 2292 602 2346 innatant,
642 2305 745 2335 non
784 2294 925 2346 eunt,
964 2287 1054 2334 sed
1101 2287 1344 2334 feruntur.
1420 2285 1496 2331 Ex
1535 2285 1656 2348 quib

218 2377 314 2423 alia
335 2377 496 2423 lenior
519 2376 654 2423 unda
687 2375 909 2422 detinuit
940 2392 998 2421 ac
1033 2374 1230 2421 mollius
1262 2377 1417 2430 vexit,
1441 2372 1536 2418 alia
1562 2371 1659 2417 veh

219 2454 222 2457 .
1594 2442 1615 2458 .

283 2502 304 2521 ‘¹
334 2494 401 2548 By
434 2494 513 2536 the
550 2496 725 2535 various
759 2484 877 2535 sects
914 2493 1057 2535 which
1095 2492 1328 2547 professed
1365 2495 1413 2533 to
1450 2490 1582 2533 teach
1617 2490 1675 2531 ho

217 2548 458 2602 happiness
477 2550 515 2591 is
534 2551 583 2590 to
603 2548 660 2589 be
679 2547 904 2589 obtained.

224 2612 315 2661 162
