1742 2872
495 146 642 194 THE
678 147 998 196 EPISTLES
1035 148 1125 196 OF
1160 149 1426 196 SENECA

157 304 181 309 ,μ
213 274 296 305 me
342 264 516 304 natum
566 258 772 320 putabo,
819 275 919 321 quo
965 262 1171 323 mittar.)
1243 259 1529 323 Alligabor3
1588 261 1708 324 quid

214 348 389 393 enim?
474 345 621 391 Nunc
669 345 860 392 solutus
907 348 1054 410 sum?
1137 346 1219 392 Ad
1264 345 1359 392 hoc
1406 364 1487 394 me
1534 355 1711 396 natura

215 450 365 497 grave
398 436 613 496 corporis
648 437 749 480 mei
784 433 979 495 pondus
1014 434 1293 480 adstrinxit.
1371 435 1552 481 Moriar
1568 453 1580 492 ;
1616 437 1711 484 hoc

215 521 355 579 dicis,
375 521 599 568 desinam
624 527 884 584 aegrotare
909 538 1071 583 posse,
1090 522 1315 569 desinam
1339 524 1532 586 alligari
1552 541 1712 586 posse,

133 613 194 660 18
217 609 442 656 desinam
489 613 614 655 mori
662 625 819 671 posse.
918 609 1031 655 Non
1079 626 1189 656 sum
1238 616 1343 656 tam
1390 614 1608 673 ineptus,
1656 618 1714 658 ut

217 698 515 760 Epicuream
551 697 855 744 cantilenam
890 696 985 743 hoc
1021 695 1130 743 loco
1163 713 1432 760 persequar
1466 705 1519 745 et
1551 698 1713 746 dicam

217 801 369 831 vanos
402 801 510 832 esse
543 786 816 832 inferorum
847 790 1030 842 metus,
1055 800 1150 831 nec
1185 784 1410 832 Ixionem
1444 792 1553 832 rota
1583 786 1713 833 volvi
1739 825 1742 828 .

216 889 312 919 nec
360 890 532 920 saxum
574 877 756 919 umeris
799 871 1000 936 Sisyphi
1042 872 1176 919 trudi
1223 876 1276 918 in
1316 873 1578 921 adversum
1619 887 1742 947 necj

218 962 367 1010 ullius
396 965 582 1008 viscera
608 967 660 1007 et
685 963 875 1007 renasci
900 976 1044 1023 posse
1071 961 1255 1008 cotidie
1287 967 1341 1008 et
1366 965 1529 1024 carpi3
1565 978 1714 1009 nemo

218 1057 323 1097 tam
365 1066 490 1112 puer
531 1055 626 1107 est,
667 1054 724 1095 ut
764 1049 1035 1096 Cerberum
1076 1051 1254 1096 timeat
1296 1055 1349 1096 et
1391 1050 1624 1097 tenebras
1662 1056 1739 1098 et⁴

219 1138 454 1185 larvalem
480 1137 709 1184 habitum
733 1136 882 1183 nudis
900 1137 1091 1184 ossibus
1117 1137 1506 1184 cohaerentium.
1581 1138 1716 1185 Mors

219 1243 308 1273 nos
333 1232 422 1272 aut
446 1228 695 1272 consumit
719 1231 807 1272 aut
832 1228 984 1272 exuit.
1060 1225 1264 1272 Emissis
1289 1225 1494 1272 meliora
1525 1232 1718 1273 restant

220 1331 372 1361 onere
402 1314 647 1368 detracto,
673 1317 982 1376 consumptis
1014 1312 1141 1359 nihil
1172 1319 1346 1371 restat,
1371 1315 1502 1360 bona
1532 1317 1720 1376 pariter

222 1402 451 1465 malaque
478 1402 709 1449 submota
734 1407 864 1449 sunt.

139 1497 199 1544 19
309 1490 552 1537 Permitte
588 1489 711 1536 mihi
746 1489 841 1536 hoc
879 1489 989 1536 loco
1026 1489 1212 1536 referre
1249 1506 1446 1536 versum
1481 1495 1641 1549 tuum,
1677 1493 1718 1538 si

221 1583 356 1642 prius
402 1578 725 1635 admonuero,
763 1584 820 1624 ut
857 1584 911 1624 te
948 1577 1137 1624 iudices
1179 1594 1281 1624 non
1322 1577 1431 1624 aliis
1467 1580 1718 1641 scripsisse

221 1670 332 1725 ista,
374 1665 464 1713 sed
506 1668 660 1712 etiam
702 1666 808 1711 tibi.
882 1665 1050 1727 Turpe
1092 1671 1171 1712 est
1211 1665 1347 1712 aliud
1388 1665 1542 1729 loqui,
1582 1666 1720 1713 aliud

221 1758 439 1809 sentire;
477 1760 666 1817 quanto
689 1756 885 1815 turpius
909 1753 1046 1799 aliud
1076 1753 1308 1811 scribere,
1333 1753 1470 1800 aliud
1502 1756 1689 1801 sentire

225 1845 436 1890 Memini
467 1848 521 1888 te
555 1841 695 1887 illum
722 1841 887 1887 locum
918 1840 1187 1904 aliquando
1219 1847 1476 1900 tractasse,
1509 1858 1610 1887 non
1642 1857 1696 1888 re

222 1937 379 1994 pente
414 1946 504 1976 nos
539 1933 592 1976 in
627 1935 842 1976 mortem
878 1929 1118 1986 incidere,
1154 1928 1243 1975 sed
1285 1933 1573 1985 minutatim
1608 1945 1696 1992 pro
1739 1966 1742 1973 ,

138 2020 202 2066 20
224 2018 434 2073 cedere3
493 2017 678 2064 cotidie
724 2020 974 2063 morimur.
1074 2015 1270 2064 Cotidie
1319 2020 1454 2063 enim
1500 2017 1694 2064 demitu

222 2107 390 2171 aliqua
435 2122 547 2168 pars
594 2109 745 2163 vitae,
787 2111 839 2151 et
876 2111 998 2150 tunc
1034 2121 1250 2168 quoque,
1287 2121 1401 2151 cum
1438 2108 1703 2153 crescimu
1736 2096 1742 2106 ”

222 2199 326 2242 vita
343 2194 602 2241 decrescit.
661 2193 934 2239 Infantiam
949 2195 1220 2250 amisimus,
1235 2191 1421 2239 deinde
1438 2195 1652 2254 pueritia

221 2282 407 2330 deinde
440 2281 848 2328 adulescentiam.
928 2280 1098 2343 Usque
1134 2280 1199 2326 ad
1238 2279 1549 2338 hesternum,
1584 2283 1668 2342 qui

222 2371 344 2436 quid
392 2374 571 2416 transit
626 2372 880 2431 temporiS,
937 2371 1069 2430 perit
1086 2384 1098 2424 ;
1158 2367 1292 2414 hunc
1343 2372 1522 2430 ipsum,
1569 2384 1666 2430 que

290 2508 310 2526 α
338 2500 404 2540 As
433 2498 699 2552 mythology
721 2497 945 2539 describes
974 2497 1053 2538 the
1080 2500 1323 2538 treatment
1342 2497 1394 2537 of
1418 2496 1576 2550 Tityus
1597 2510 1646 2538 or

226 2553 532 2595 Prometheus.
1702 2567 1704 2570 ·

231 2617 324 2669 176
