1742 2872
477 170 625 217 THE
662 169 981 218 EPISTLES
1019 171 1110 218 OF
1145 170 1412 219 SENECA

145 288 179 334 9
196 283 289 326 sim
313 280 519 327 recedet
553 284 606 326 in
630 287 813 327 tutum.
887 280 1052 327 Facile
1090 287 1168 327 est
1194 287 1383 339 autem,
1407 286 1475 328 mi
1516 283 1692 342 Lucili,

195 393 550 451 occupationes
593 389 822 447 evadere,
864 394 904 436 si
952 394 1338 452 occupationum
1380 396 1541 453 pretia
1577 409 1693 438 con·
1740 379 1742 387 ¹

196 501 472 560 tempseris.
548 498 643 544 Illa
667 505 800 556 sunt,
819 515 948 562 quae
968 515 1058 545 nos
1078 505 1334 545 morantur
1352 506 1406 546 et
1429 499 1692 547 detinent:
1740 558 1742 565 Α

199 611 231 634 “
248 605 384 664 Quid
428 609 582 670 ergo?
653 608 777 654 Tam
819 624 1026 671 magnas
1064 624 1178 670 spes
1226 608 1546 672 relinquam?
1612 610 1695 656 Ab
1735 571 1742 682 Ι

198 719 306 778 ipsa
329 733 494 764 messe
517 716 810 764 discedam?
877 717 1083 763 Nudum
1109 720 1205 764 erit
1230 717 1377 775 latus,
1402 722 1695 766 incomitata
1732 732 1742 799 ἰ

198 825 394 884 lectica,
419 830 599 873 atrium
627 842 839 872 vacuum
859 824 922 872 ?’'
1727 805 1742 977 1

283 934 365 980 Ab
389 933 465 981 his
491 950 611 996 ergo
635 936 781 980 inviti
807 932 1035 980 homines
1063 933 1310 981 recedunt
1335 940 1388 981 et
1411 935 1697 982 mercedem
1732 983 1742 1012 ¹

117 1047 178 1094 10
200 1047 508 1090 miseriarum
543 1050 732 1101 amant,
767 1046 898 1106 ipsas
939 1049 1275 1090 execrantur.-
1325 1043 1406 1090 Sic
1442 1044 1507 1091 de
1542 1045 1697 1091 ambi·
1730 1016 1742 1064 ⁶:

198 1157 337 1200 tione
367 1153 617 1216 quomodo
641 1153 707 1200 de
731 1157 890 1199 amica
919 1159 1228 1215 queruntur;
1263 1152 1315 1199 id
1341 1159 1435 1211 est,
1460 1157 1500 1199 si
1525 1170 1694 1201 verum
1737 1128 1742 1198 Ξ

197 1263 457 1310 adfectum
491 1278 663 1310 eorum
692 1265 941 1324 inspicias,
966 1278 1067 1307 non
1100 1261 1333 1320 oderunt,
1358 1263 1447 1309 sed
1479 1263 1695 1326 litigant.

199 1371 396 1418 Excute
442 1374 580 1428 istos,
627 1372 730 1433 qui,
766 1386 894 1433 quae
942 1373 1161 1432 cupiere,
1209 1369 1476 1432 deplorant
1534 1377 1588 1418 et
1634 1371 1698 1419 de

201 1497 371 1527 earum
429 1495 591 1526 rerum
652 1479 886 1526 locuntur
943 1478 1079 1541 fuga,
1132 1479 1312 1541 quibus
1371 1495 1539 1526 carere
1597 1496 1700 1526 non

201 1595 438 1652 possunt3
474 1588 667 1636 videbis
700 1588 1031 1635 voluntariam
1064 1604 1173 1635 esse
1205 1587 1303 1634 illis
1327 1590 1380 1634 in
1410 1603 1471 1634 eo
1494 1580 1718 1648 moram,'

119 1698 176 1745 11
201 1699 337 1762 quod
367 1715 518 1761 aegre
551 1698 682 1745 ferre
706 1702 840 1760 ipsos
873 1705 927 1744 et
961 1700 1140 1744 misere
1174 1696 1419 1743 locuntur.
1496 1696 1573 1743 Ita
1605 1703 1700 1756 est,

205 1807 394 1863 Lucili;
431 1823 613 1870 paucos
639 1810 867 1864 servitus,
894 1807 1063 1869 plures
1089 1808 1384 1853 servitutem
1409 1811 1604 1853 tenent.

286 1915 387 1963 Sed
429 1919 468 1962 si
510 1916 765 1978 deponere
812 1915 950 1961 illam
990 1918 1043 1961 in
1083 1918 1250 1961 animo
1291 1921 1369 1962 est
1405 1921 1460 1962 et
1493 1914 1699 1962 libertas

203 2027 330 2072 bona
362 2025 461 2071 fide
491 2025 697 2087 placuit,
721 2027 775 2070 in
803 2023 898 2070 hoc
930 2031 1102 2071 autem
1134 2040 1291 2070 unum
1319 2023 1699 2071 advocationem

202 2131 348 2190 petis,
384 2133 442 2174 ut
477 2129 585 2174 sine
627 2132 873 2189 perpetua
910 2124 1248 2172 sollicitudine
1294 2124 1345 2171 id
1393 2125 1484 2171 tibi
1533 2124 1708 2172 facere

201 2241 478 2300 contingat,
503 2236 680 2299 quidni
703 2241 812 2282 tota
835 2241 889 2281 te
914 2234 1090 2280 cohors
1119 2232 1402 2280 Stoicorum
1430 2234 1668 2296 probatur

200 2349 301 2394 sit?
371 2345 562 2393 Omnes
581 2345 807 2391 Zenones
824 2350 877 2391 et
897 2343 1161 2406 Chrysippi
1179 2342 1452 2400 moderata,
1468 2341 1679 2389 honesta

120 2459 179 2504 12
200 2464 289 2503 tua
312 2454 608 2502 suadebunt.
683 2453 784 2501 Sed
821 2456 860 2500 si
891 2459 1097 2516 propter
1131 2452 1226 2498 hoc
1259 2455 1614 2514 tergiversaris,
1639 2468 1671 2497 u

201 2567 581 2625 circumspicias,
605 2567 850 2625 quantum
875 2560 1003 2607 feras
1035 2566 1206 2606 tecum
1242 2565 1295 2606 et
1329 2575 1479 2622 quam
1515 2575 1663 2621 magn

206 2646 300 2688 154·
