1742 2872
499 151 646 197 THE
682 151 1003 199 EPISTLES
1041 151 1131 198 OF
1167 150 1434 199 SENECA

153 312 176 317 ,⁷
217 277 319 306 non
343 259 479 307 unde
504 264 728 318 veniant,
761 260 852 307 sed
887 277 986 324 quo
1011 267 1142 308 eant.
1216 260 1269 307 Si
1304 261 1425 324 quid
1460 267 1553 320 est,
1578 261 1712 325 quod

217 351 373 394 vitam
408 349 606 395 beatam
643 354 812 411 potest
837 347 1018 405 facere,
1043 348 1095 394 id
1130 348 1318 394 bonum
1354 354 1431 395 est
1466 365 1554 395 suo
1588 352 1708 397 iure.

181 422 492 499 7Depravari
519 440 651 483 enim
671 440 724 483 in
744 437 931 483 malum
954 454 1057 483 non
1074 443 1256 499 potest.
1318 437 1455 495 Quid
1475 444 1552 484 est
1577 455 1713 502 ergo,

215 529 269 571 in
311 541 410 588 quo
452 532 659 583 erratur,
698 542 812 571 cum
853 542 1026 572 omnes
1061 526 1261 572 beatam
1303 530 1453 572 vitam
1497 528 1714 588 optent?

217 612 369 671 Quod
393 617 728 660 instrumenta
753 617 858 660 eius
883 630 973 675 pro
997 617 1103 676 ipsa
1127 613 1318 660 habent
1342 620 1396 660 et
1419 614 1572 672 illam,
1591 614 1712 661 dum

215 708 417 766 petunt,
441 701 658 764 fugiunt.
731 703 863 749 Nam
888 718 1003 749 cum
1038 719 1231 749 summa
1265 706 1398 749 vitae
1434 703 1612 750 beatae
1647 706 1713 751 sit

215 790 373 838 solida
407 794 646 837 securitas
683 797 736 837 et
772 794 877 837 eius
913 794 1205 837 inconcussa
1243 790 1439 849 fiducia,
1475 791 1712 838 sollicitu-

213 878 344 926 dinis
375 878 620 941 colligunt
644 895 814 925 causas
839 885 892 925 et
916 895 1007 941 per
1029 879 1320 925 insidiosum
1339 882 1437 925 iter
1453 882 1586 926 vitae
1610 896 1711 926 non

213 973 414 1017 tantum
450 967 620 1013 ferunt
657 970 886 1024 sarcinas,
912 967 1002 1013 sed
1037 966 1275 1022 trahunt3
1312 970 1382 1013 ita
1418 967 1614 1030 longius
1647 968 1712 1014 ab
1741 954 1742 979 ³

213 1055 395 1103 effectu
433 1058 555 1112 eius,
580 1055 714 1118 quod
751 1062 952 1118 petunt,
978 1072 1176 1118 semper
1210 1055 1488 1102 abscedunt
1524 1062 1578 1103 et
1612 1072 1712 1119 quo

212 1143 324 1207 plus
349 1159 529 1205 operae
554 1143 913 1205 inpenderunt,
941 1143 1035 1190 hoc
1059 1159 1114 1190 se
1146 1147 1303 1205 magis
1337 1143 1622 1206 impediunt
1657 1149 1712 1192 et

212 1231 445 1278 feruntur
483 1237 630 1277 retro.
705 1230 857 1289 Quod
895 1235 1066 1278 evenit
1106 1234 1158 1277 in
1201 1231 1487 1294 labyrintho
1533 1247 1710 1294 prope-

212 1319 438 1366 rantibus
459 1335 470 1375 ;
507 1322 614 1382 ipsa
637 1319 751 1365 illos
775 1319 1015 1367 velocitas
1040 1319 1260 1382 inplicat.
1334 1319 1484 1366 VALE.

882 1531 1035 1580 XLV.

546 1652 740 1701 SENECA
778 1653 979 1700 chnJo
1015 1669 1101 1700 svo
1137 1668 1355 1700 SALVTEM
1719 1682 1742 1729 ,Ἀ

160 1772 185 1820 l
296 1773 558 1820 Librorum
582 1775 695 1818 istic
718 1775 937 1834 inopiam
959 1787 1067 1818 esse
1092 1775 1327 1834 quereriS.
1402 1771 1518 1818 Non
1536 1771 1718 1847 rsefert,

208 1878 357 1925 quam
392 1860 595 1918 multos,
632 1859 721 1906 sed
756 1875 905 1922 quam
942 1859 1099 1906 bonos
1136 1858 1351 1916 habeas;
1388 1859 1538 1907 lectio
1571 1873 1630 1908 ce·

207 1949 429 2012 prodest,
465 1951 598 1994 varia
638 1947 874 1994 delectat.
963 1946 1081 2004 Qui,
1125 1963 1224 2009 quo
1267 1947 1554 2006 destinavit,
1595 1965 1706 2011 per-

206 2040 376 2084 venire
418 2035 543 2093 vult,
584 2052 733 2081 unam
776 2041 1014 2097 sequatur
1060 2038 1206 2092 viam,
1249 2051 1349 2080 non
1387 2051 1478 2097 per
1522 2015 1716 2121 multast-

205 2132 429 2188 vagetur.
505 2125 620 2170 Non
644 2127 715 2170 ire
740 2127 886 2181 istuc,
911 2123 1001 2170 sed
1027 2139 1190 2170 errare
1217 2130 1308 2170 est.

156 2218 185 2265 2
292 2219 323 2240 “
340 2212 584 2269 Vellem,”
605 2212 621 2241 ¹
658 2215 840 2274 inquis,
867 2215 1071 2274 “magis
1101 2212 1362 2258 consilium
1398 2211 1520 2258 mihi
1556 2229 1706 2275 quam

206 2303 358 2349 libros
377 2301 567 2348 dares.”
644 2301 754 2363 Ego
780 2316 895 2346 vero
921 2316 1262 2363 quoscumque
1298 2298 1476 2357 habeo,
1500 2305 1704 2349 mittere
1740 2290 1742 2293 ¹

205 2396 403 2450 paratus
429 2405 539 2435 sum
557 2394 611 2435 et
634 2394 800 2435 totum
820 2387 1053 2434 horreum
1073 2393 1324 2434 excutere.
1400 2387 1485 2434 Me
1506 2404 1672 2452 quoqu
1740 2375 1742 2410 ³

273 2487 288 2512 1
317 2486 384 2528 As
405 2486 561 2527 Hense
581 2489 807 2538 suggests,
829 2498 896 2526 we
918 2484 1079 2526 should
1099 2485 1215 2526 from
1235 2484 1313 2525 the
1340 2487 1524 2525 context
1544 2498 1656 2538 expe
1736 2478 1742 2490 '

206 2542 364 2583 nollem
383 2541 534 2582 rather
551 2540 663 2581 than
682 2539 842 2581 vellem.
1522 2567 1529 2571 -

209 2612 307 2661 290
