1742 2872
451 114 597 162 THE
633 114 954 163 EPISTLES
991 114 1081 163 OF
1118 114 1383 163 SENECA

168 229 339 272 amico.
414 225 491 271 Tu
515 224 638 270 mihi
663 225 814 271 verba
838 225 1118 286 distorques
1148 230 1202 271 et
1226 224 1438 288 syllabas
1463 224 1660 286 digeris.

114 291 373 341 &Scilicet
388 295 482 338 nisi
500 295 919 355 interrogationes
934 291 1219 338 vaferrimas
1239 297 1464 338 struxero
1480 298 1533 337 et
1549 308 1664 337 con-

169 359 390 405 clusione
416 359 538 405 falsa
562 376 591 405 a
615 376 732 406 vero
764 375 972 405 nascens
996 358 1314 405 mendacium
1338 358 1664 415 adstrinxero,

168 443 270 472 non
290 433 466 489 potero
486 443 514 472 a
533 426 786 488 fugiendis
806 425 1028 488 petenda
1045 441 1318 473 secernere.
1374 425 1536 472 Pudet
1553 442 1635 471 me
1654 441 1665 480 ;

168 497 221 539 in
245 510 298 540 re
323 500 428 539 tam
452 497 579 540 seria
603 510 748 540 senes
772 492 1029 540 ludimus.1

253 561 417 606 “Mus
465 560 654 624 syllaba
700 566 791 607 est.
884 561 998 606 Mus
1045 566 1216 606 autem
1258 575 1456 606 caseum
1503 559 1666 614 rodit;

168 627 358 690 syllaba
399 644 519 691 ergo
561 644 760 674 caseum
801 627 980 674 rodit.’'
1056 626 1183 673 Puta
1228 643 1362 673 nunc
1408 643 1491 673 me
1536 630 1665 672 istuc

167 711 270 740 non
289 711 432 757 posse
453 694 656 741 solvere.
705 693 872 751 =Quod
890 694 1014 740 mihi
1035 710 1096 741 ex
1115 697 1211 740 ista
1229 693 1520 740 inscientia2
1538 696 1666 755 peri-

169 761 337 808 culum
372 763 623 808 inminet?
694 761 844 820 Quod
879 761 1288 808 incommodum?
1357 760 1476 807 Sine
1512 760 1665 807 dubio

169 829 446 875 verendum
502 835 596 886 est,
650 845 716 875 ne
770 829 970 892 quando
1025 832 1077 874 in
1123 828 1401 890 muscipulo
1453 827 1666 891 syllabas

169 899 363 958 capiam
385 902 472 943 aut
498 913 563 943 ne
595 895 813 959 quando,
838 899 877 942 si
901 895 1254 958 neglegentior
1284 895 1443 952 fuero,
1468 910 1666 941 caseum

169 963 297 1010 liber
332 963 576 1011 comedat.
654 963 759 1010 Nisi
795 963 926 1010 forte
957 963 1042 1009 illa
1069 966 1260 1008 acutior
1295 968 1372 1008 est
1407 961 1665 1008 collectio:

169 1036 200 1057 “
220 1031 333 1077 Mus
359 1031 548 1094 syllaba
572 1036 662 1077 est.
736 1030 938 1093 Syllaba
960 1036 1131 1077 autem
1157 1024 1355 1076 caseum
1378 1046 1480 1075 non
1504 1028 1667 1084 rodit;

115 1100 144 1151 7
168 1114 278 1144 mus
311 1114 431 1160 ergo
464 1114 663 1144 caseum
695 1113 797 1144 non
831 1097 1011 1144 rodit.”
1086 1096 1132 1143 O
1169 1096 1386 1160 pueriles
1421 1096 1664 1158 ineptias!

170 1164 231 1211 In
262 1164 358 1211 hoc
391 1165 654 1227 supercilia
686 1165 1049 1211 subduximus?
1123 1164 1183 1210 In
1215 1163 1310 1210 hoc
1342 1163 1546 1210 barbam
1578 1162 1665 1209 de—

166 1233 426 1279 misimus?
498 1233 613 1278 Hoc
638 1238 732 1290 est,
757 1232 893 1295 quod
918 1235 1088 1278 tristes
1113 1232 1350 1279 docemus
1376 1236 1429 1276 et
1453 1230 1626 1293 pallidi
1647 1230 1665 1275 ?

254 1299 338 1345 Vis
402 1303 542 1357 scire,
606 1299 727 1362 quid
791 1298 1106 1362 philosophia
1168 1302 1430 1361 promittat
1492 1300 1666 1360 generi

164 1365 420 1412 humano?
513 1366 796 1413 Consilium.
893 1366 1066 1412 Alium
1118 1382 1249 1412 mors
1303 1371 1462 1422 vocat,
1514 1364 1666 1411 alium

165 1440 433 1496 paupertas
457 1437 574 1492 urit,
598 1434 750 1480 alium
774 1434 978 1480 divitiae
1003 1433 1082 1480 vel
1106 1433 1299 1480 alienae
1323 1438 1562 1495 torquent
1586 1431 1665 1478 vel

166 1517 295 1547 suae.
372 1501 465 1548 Ille
500 1501 683 1547 malam
718 1500 971 1547 fortunam
1006 1500 1192 1557 horret,
1229 1499 1310 1546 hic
1347 1515 1400 1546 se
1435 1499 1666 1546 felicitati
1735 1528 1742 1544 Ἀ

168 1585 285 1615 suae
318 1568 598 1615 subducere
628 1571 780 1631 cupit.
856 1569 1010 1614 Hunc
1041 1567 1269 1614 homines
1293 1566 1423 1613 male
1457 1566 1665 1624 habent,
1739 1566 1742 1594 ¹

113 1641 143 1687 8
166 1635 308 1682 illum
344 1635 410 1683 di.
499 1635 636 1694 Quid
672 1635 797 1682 mihi
832 1636 1014 1682 lusoria
1052 1638 1148 1682 ista
1184 1635 1456 1697 conponis?
1549 1633 1665 1679 Non

167 1709 244 1749 est
279 1703 477 1750 iocandi
509 1703 680 1759 locus3
726 1702 792 1750 ad
814 1706 1019 1750 miseros
1054 1703 1323 1749 advocatus
1359 1718 1425 1748 es.
1500 1700 1665 1763 Opem

165 1770 385 1817 laturum
426 1776 480 1817 te
520 1770 789 1832 naufragis,
831 1773 1006 1832 captis,
1047 1773 1225 1832 aegris,
1266 1768 1550 1831 egentibus,
1591 1772 1665 1814 in-

235 1856 247 1881 ¹
277 1856 411 1898 After
448 1857 639 1898 ludimus
675 1859 795 1898 most
833 1855 962 1898 MSS.
1005 1858 1108 1910 give
1154 1856 1269 1898 Vale.
1305 1855 1464 1897 Seneca
1498 1853 1664 1895 Isaeilio
1740 1893 1742 1914 ἲ

164 1925 241 1952 suo
263 1910 484 1958 Salutem3
513 1910 671 1952 Hense
690 1910 911 1952 brackets.

232 1964 251 1990 2
277 1965 505 2006 inscientia
524 1965 577 2006 P2
595 1964 686 2006 and
707 1964 886 2018 Lipsius
905 1981 917 2012 ς
946 1965 1124 2006 seientia
1143 1963 1314 2018 pLP1b.

231 2048 252 2067 α
280 2040 376 2081 The
396 2040 515 2082 sides
535 2053 611 2080 are
630 2041 763 2093 given
784 2041 830 2080 in
851 2053 1027 2080 reverse
1043 2039 1174 2080 order
1194 2041 1237 2080 in
1258 2039 1336 2079 the
1355 2041 1445 2080 two
1461 2038 1633 2079 clauses
1653 2055 1664 2079 ε

164 2097 213 2136 to
227 2094 305 2135 the
321 2093 444 2136 Stoic
457 2094 536 2135 the
551 2097 690 2135 terms
709 2093 894 2134 “friend
904 2093 928 2109 '⁹
942 2093 1033 2135 and
1051 2099 1079 2117 ‘⁶
1091 2107 1194 2134 man
1206 2093 1231 2109 ”
1249 2106 1325 2134 are
1341 2093 1664 2139 co-extensive;

166 2148 223 2189 he
243 2150 280 2190 is
299 2148 379 2190 the
400 2148 546 2189 friend
564 2148 616 2189 of
640 2147 914 2201 everybody‚
937 2147 1028 2188 and
1053 2147 1123 2188 his
1150 2149 1316 2188 motive
1346 2148 1390 2187 in
1418 2145 1665 2198 friendship

166 2204 203 2244 is
232 2206 280 2243 to
310 2203 366 2243 be
394 2202 446 2244 of
475 2204 673 2250 service;
705 2202 783 2243 the
812 2202 1079 2255 Epicurean,
1112 2201 1332 2248 however,
1364 2213 1559 2241 narrows
1588 2199 1666 2240 the

167 2256 399 2298 definition
419 2256 471 2298 of
487 2262 517 2280 ‘⁶
532 2256 679 2297 friend
693 2255 717 2273 ''
735 2256 827 2297 and
846 2256 1029 2309 regards
1049 2255 1141 2296 him
1170 2254 1338 2308 merely
1357 2268 1406 2295 as
1427 2268 1484 2295 an
1505 2256 1666 2295 instru-
1724 2282 1725 2286 ,

167 2314 294 2351 ment
310 2314 359 2352 to
380 2310 448 2352 his
468 2323 567 2351 own
588 2311 843 2364 happiness.

233 2367 249 2391 ὃ
280 2365 332 2406 In
352 2365 443 2406 this
494 2365 715 2418 aragraph
736 2363 907 2406 Seneca
926 2377 980 2404 ex
1013 2376 1114 2406 oses
1140 2363 1218 2404 the
1238 2362 1348 2415 folly
1367 2362 1419 2403 of
1442 2363 1598 2415 trying
1615 2364 1663 2402 to

166 2432 302 2472 prove
321 2433 348 2460 a
367 2378 493 2460 trud-l
511 2419 573 2472 by
593 2432 748 2459 means
769 2419 820 2459 of
837 2418 952 2471 logie
1015 2417 1172 2463 tricks,
1195 2416 1285 2457 and
1304 2416 1436 2458 offers
1456 2430 1484 2456 a
1502 2417 1664 2456 carica·
1718 2397 1722 2438 !

165 2477 264 2514 ture
292 2473 344 2514 of
367 2473 498 2514 those
526 2472 671 2514 which
701 2485 816 2514 were
849 2475 1028 2514 current
1055 2484 1221 2524 among
1248 2471 1327 2512 the
1357 2469 1663 2524 philosophers
1717 2478 1719 2511 l

167 2527 313 2569 whom
333 2527 390 2568 he
410 2527 598 2569 derides.
1717 2523 1719 2532 '

167 2591 264 2642 316
