1742 2872
450 169 597 216 THE
634 170 953 218 EPISTLES
992 171 1081 219 OF
1117 171 1384 219 SENECA

160 283 356 337 mortis,
392 283 478 343 qui
514 287 633 327 sunt
667 281 883 343 plurimi,
922 282 1116 345 colligO.
1194 282 1404 345 Respice
1441 282 1503 329 ad
1540 281 1664 330 haec

167 367 336 407 nostra
361 367 605 423 tempora,
624 362 688 408 de
709 379 918 425 quorum
944 364 1184 426 languore
1209 381 1266 409 ac
1290 363 1482 410 deliciis
1502 368 1665 426 queri-

167 458 306 499 mur;
342 445 502 489 omnis
535 443 722 490 ordinis
755 444 984 491 homines
1008 451 1301 507 suggerent,
1325 448 1486 491 omnis
1510 444 1666 491 fortu-

166 540 279 582 nae,
304 527 464 570 omnis
488 528 685 583 aetatis,
712 529 797 588 qui
822 526 952 572 mala
976 542 1064 573 sua
1087 532 1249 572 morte
1274 526 1624 588 praeciderint.

255 604 384 652 Mihi
409 606 575 664 crede,
602 606 781 665 Lucili,
806 607 934 654 adeo
958 624 1089 654 mors
1113 607 1342 654 timenda
1366 623 1467 652 non
1493 613 1586 664 est,
1611 613 1668 653 ut

170 687 414 734 beneficio
451 691 556 734 eius
588 687 715 734 nihil
751 689 1069 736 timendum1
1104 692 1181 736 sit.
1255 687 1469 735 Securus
1497 692 1667 751 itaque

88 773 148 819 12
170 772 358 815 inimici
383 773 541 816 minas
567 770 697 817 audi.
773 771 841 817 Et
865 757 1090 834 quamvis
1121 773 1426 817 conscientia
1458 771 1551 816 tibi
1583 776 1670 816 tua

171 850 402 897 fiduciam
453 851 622 910 faciat,
675 858 847 899 tamen
898 856 1016 916 quia
1069 852 1230 899 multa
1280 858 1422 899 extra
1472 867 1669 898 causam

171 933 358 991 valent,
391 939 444 979 et
481 933 615 996 quod
646 938 1001 998 aequissimum
1036 940 1114 981 est
1149 950 1308 996 spera,
1344 940 1398 980 et
1432 933 1495 980 ad
1529 933 1583 979 id
1617 938 1670 979 te

172 1014 307 1077 quod
343 1021 421 1062 est
455 1019 821 1078 iniquissimum
857 1032 1084 1079 conpara.
1176 1015 1311 1062 Illud
1345 1021 1516 1062 autem
1551 1020 1670 1060 ante

172 1099 339 1141 omnia
371 1103 645 1154 memento,
670 1097 875 1145 demere
906 1099 1055 1145 rebus
1087 1097 1364 1144 tumultum
1395 1113 1452 1143 ac
1484 1096 1671 1153 videre,

173 1178 294 1241 quid
318 1182 370 1223 in
396 1195 594 1242 quaque
613 1196 666 1226 re
692 1183 786 1236 sit3
823 1183 947 1226 scies
967 1179 1093 1225 nihil
1115 1195 1222 1226 esse
1247 1182 1297 1224 in
1318 1181 1424 1225 istis
1449 1177 1672 1225 terribile

93 1261 152 1307 13
173 1263 268 1305 nisi
310 1263 472 1322 ipsum
515 1264 760 1308 timorem.
849 1260 999 1320 Quod
1041 1261 1180 1308 vides
1221 1260 1448 1307 accidere
1490 1263 1672 1322 pueris,
1713 1273 1716 1279 ’

174 1340 269 1388 hoc
293 1342 436 1389 nobis
461 1359 660 1406 quoque
694 1343 977 1390 maiusculis
1009 1346 1176 1405 pueris
1209 1346 1408 1389 evenit:
1444 1341 1519 1388 illi
1551 1357 1674 1404 quos

173 1429 361 1482 amant,
399 1425 579 1487 quibus
620 1425 975 1482 adsueverunt,
1018 1441 1132 1471 cum
1173 1425 1352 1488 quibus
1393 1423 1593 1480 ludunt,
1635 1425 1674 1468 si

175 1511 466 1566 personatos
522 1506 714 1563 vident,
771 1512 1124 1569 expavescunt.
1226 1505 1341 1551 Non
1391 1504 1676 1551 hominibus

174 1592 392 1645 tantum,
418 1587 507 1633 sed
532 1588 680 1634 rebus
710 1604 921 1650 persona
953 1586 1204 1634 demenda
1229 1592 1307 1633 est
1331 1592 1385 1633 et
1417 1583 1676 1632 reddenda

176 1667 329 1714 facies
353 1684 453 1715 sua.

96 1753 157 1799 14
264 1748 402 1807 Quid
442 1750 566 1797 mihi
607 1751 799 1813 gladios
842 1757 896 1797 et
937 1754 1081 1812 ignes
1122 1749 1346 1797 ostendis
1389 1756 1443 1796 et
1478 1748 1676 1795 turbam

178 1830 463 1878 carnificum
483 1836 611 1878 circa
629 1839 683 1879 te
703 1832 1006 1879 frementem
1024 1833 1043 1877 ?
1099 1831 1242 1878 Tolle
1260 1834 1408 1878 istam
1426 1845 1676 1893 pompam,

178 1914 271 1959 sub
311 1929 409 1976 qua
444 1913 571 1960 lates
609 1920 662 1961 et
700 1914 880 1960 stultos
922 1913 1147 1960 territas!
1224 1912 1359 1959 Mors
1402 1911 1493 1969 es,2
1529 1926 1695 1975 quam,

178 2011 340 2057 nuper
367 2011 536 2042 servus
567 2012 726 2054 meus,
750 2012 899 2058 quam
932 1994 1115 2041 ancilla
1148 1997 1466 2056 contempsit.
1541 1987 1689 2050 Quid]
1740 2027 1742 2030 .

179 2082 236 2123 tu
277 2092 442 2124 rursus
479 2077 602 2123 mihi
641 2076 838 2140 flagella
879 2083 934 2124 et
972 2076 1171 2123 eculeos
1212 2092 1396 2139 magno
1436 2079 1676 2137 apparatu

180 2158 432 2220 explicas?
503 2157 640 2216 Quid
682 2158 890 2221 singulis
932 2158 1154 2204 articulis
1195 2157 1391 2220 singula
1427 2155 1676 2202 machina-

181 2245 368 2297 menta,
410 2240 590 2303 quibus
632 2246 1043 2303 extorqueantur,
1085 2245 1257 2302 aptata
1305 2245 1359 2286 et
1399 2237 1536 2284 mille
1583 2236 1678 2282 alia

249 2325 263 2350 ¹
292 2327 530 2367 timendum
552 2339 615 2421 E·
645 2327 974 2380 anteferendum
999 2325 1060 2373 L;
1090 2325 1418 2379 anteferendum
1444 2324 1635 2366 timenda

183 2379 277 2458 Pb2;
307 2385 407 2421 ante
426 2380 472 2433 (a
493 2385 531 2421 to
592 2381 751 2434 ipsius)
736 2381 1001 2432 )vere¹ndum
1021 2379 1170 2422 Gertz.

249 2433 336 2475 203
355 2433 565 2487 Lipsius;
593 2439 653 2475 est
673 2433 804 2476 MSS.

392 2518 516 2559 aHe
536 2518 675 2560 refers
694 2522 742 2560 to
761 2518 841 2559 the
859 2518 1050 2563 lawsuit,
1073 2531 1122 2559 as
1143 2520 1274 2570 again
1296 2519 1339 2557 in
1361 2522 1381 2566 ξ
1404 2520 1467 2559 16.

476 2573 494 2599 ⁶
521 2572 595 2613 An
617 2572 888 2628 apostrophe
908 2576 955 2614 to
977 2572 1126 2613 Death
1146 2572 1236 2612 and
1257 2571 1382 2612 Pain.

191 2641 281 2688 172
