1742 2872
487 144 631 191 THE
669 144 989 193 EPISTLES
1028 146 1117 193 OF
1154 146 1421 194 SENECA

172 254 397 302 i-fecisse:
422 254 613 317 aliquos
629 254 736 301 dies
752 259 1089 317 interponere,
1106 256 1286 317 quibus
1302 272 1390 302 nos
1406 257 1695 318 imaginaria

199 349 497 406 paupertate
535 359 854 390 exerceamus
891 343 954 389 ad
993 360 1170 390 veram.
1245 342 1394 401 Quod
1443 361 1502 390 eo
1538 347 1695 406 magis

200 423 484 470 faciendum
522 430 615 481 est,
641 425 775 486 quod
801 424 993 471 deliciis
1030 424 1400 487 permaduimus
1437 432 1490 471 et
1531 429 1696 471 omnia

199 504 322 550 dura
368 522 426 551 ac
472 505 688 551 difficilia
734 506 1022 553 iudicamus.
1100 506 1268 551 Potius
1317 506 1610 552 excitandus
1668 523 1695 552 e

199 601 372 631 somno
420 592 473 632 et
521 586 829 633 vellicandus
877 594 954 634 est
1001 590 1194 633 animus
1252 587 1696 650 admonendusque

199 672 428 712 naturam
446 668 590 713 nobis
609 671 871 714 minimum
891 672 1223 715 constituisse.
1298 668 1460 714 Nemo
1479 672 1699 715 nascitur

200 747 350 794 dives.
426 747 663 811 Quisquis
711 753 815 795 exit
861 752 914 794 in
954 750 1131 806 lucem,
1170 753 1328 795 iussus
1365 755 1442 796 est
1476 749 1608 796 lacte
1644 756 1698 796 et

201 844 366 890 panno
404 844 511 874 esse
548 835 851 886 contentus;
887 831 950 876 ab
987 829 1063 876 his
1099 833 1252 876 initiis
1290 847 1378 876 uos
1414 846 1568 893 regna
1597 847 1697 876 non

201 912 419 974 capiunt.
496 910 644 958 VALE,

878 1121 1016 1170 XXI.

536 1249 730 1297 SENECA
766 1250 967 1297 chmlo
1002 1268 1086 1298 svo
1122 1267 1339 1300 SALVTEM

151 1374 173 1421 1
287 1368 411 1415 Cum
458 1371 566 1414 istis
602 1369 695 1414 tibi
732 1385 840 1415 esse
877 1373 1138 1431 negotium
1179 1370 1384 1427 iudicas,
1420 1369 1484 1417 de
1520 1370 1700 1433 quibus
1735 1349 1742 1404 ⁴¹

202 1450 503 1512 scripseras?
578 1449 854 1496 Maximum
891 1453 1154 1513 negotium
1192 1457 1361 1497 tecum
1408 1451 1595 1507 habes;
1642 1458 1698 1498 tu
1734 1433 1742 1540 i

201 1531 295 1577 tibi
330 1530 570 1577 molestus
604 1546 667 1577 es,
740 1530 877 1589 Quid
914 1531 1036 1578 velis
1079 1535 1272 1587 nescis3
1308 1531 1487 1578 melius
1522 1532 1700 1594 probas

202 1612 413 1659 honesta
438 1629 584 1674 quam
613 1616 834 1675 sequeris
855 1628 867 1669 ;
904 1613 1060 1671 vides,
1086 1614 1171 1660 ubi
1197 1617 1262 1660 sit
1285 1617 1447 1676 posita
1470 1613 1700 1672 felicitas,

202 1694 291 1740 sed
315 1694 379 1740 ad
414 1693 551 1739 illam
587 1698 848 1756 pervenire
873 1711 974 1740 non
999 1694 1165 1741 audes.
1241 1693 1378 1752 Quid
1414 1698 1478 1741 sit
1512 1701 1700 1752 autem,

202 1775 338 1839 quod
361 1782 414 1823 te
439 1775 682 1837 inpediat,
708 1779 824 1839 quia
848 1793 1023 1838 parum
1046 1780 1153 1839 ipse
1179 1776 1396 1839 dispicis,
1421 1776 1596 1824 dicam.

290 1856 476 1919 Magna
524 1873 631 1903 esse
679 1856 803 1903 haec
840 1861 1110 1916 existimas,
1145 1874 1273 1921 quae
1321 1858 1584 1905 relicturus
1631 1874 1700 1915 es,

203 1945 257 1985 et
282 1955 394 1984 cum
431 1941 730 2000 proposuisti
766 1939 860 1985 tibi
900 1938 1037 1985 illam
1079 1943 1416 1997 securitatem,
1452 1938 1516 1986 ad
1552 1956 1700 2002 quam

204 2024 500 2066 transiturus
526 2036 594 2077 es,
620 2023 808 2066 retinet
832 2027 885 2067 te
912 2021 1057 2067 huius
1084 2025 1232 2079 vitae,
1251 2038 1280 2067 a
1299 2038 1396 2084 qua
1419 2037 1700 2068 recessurus

205 2118 274 2159 es,
310 2101 476 2164 fulgor
510 2108 766 2165 tamquam
802 2105 854 2147 in
892 2102 1088 2149 sordida
1124 2108 1177 2149 et
1211 2103 1419 2149 obscura
1457 2118 1695 2149 casurum.

153 2185 180 2230 2
206 2183 366 2241 Erras,
417 2183 607 2239 Lucili3
667 2200 730 2230 ex
776 2183 870 2230 hac
917 2187 1020 2230 vita
1065 2183 1129 2230 ad
1179 2183 1317 2230 illam
1363 2184 1696 2230 adscenditur.

205 2264 356 2323 Quod
379 2268 591 2312 interest
626 2269 760 2312 inter
795 2265 1114 2328 splendorem
1150 2272 1203 2312 et
1230 2265 1413 2323 lucem,
1439 2282 1551 2311 cum
1576 2265 1700 2311 haec

204 2411 212 2419 ·
271 2398 289 2415 ‘¹
319 2389 532 2443 Adapted
565 2390 680 2431 from
717 2390 796 2431 the
830 2392 1028 2443 epigram
1058 2404 1115 2431 on
1149 2389 1405 2431 Alexander
1432 2390 1510 2430 the
1543 2389 1700 2436 Great,

208 2450 237 2467 “
251 2444 323 2484 hic
349 2448 419 2485 est
446 2458 580 2497 quem
600 2458 688 2485 non
709 2446 830 2507 capit
848 2444 1014 2486 orbis.''
1070 2443 1155 2485 See
1183 2444 1409 2490 Plutarch,
1432 2443 1701 2490 Alexander,

205 2502 226 2548 ξ
256 2502 280 2537 6
310 2501 340 2538 ὦ
368 2501 451 2545 παῖ,
485 2501 595 2548 ζήτει
624 2514 778 2549 σεαυτῳ
812 2501 1025 2550 βασιλείαν
1055 2503 1165 2548 ἴσην·
1210 2501 1441 2538 Μακεδονία
1469 2500 1548 2551 γάρ
1577 2514 1624 2538 σε
1657 2514 1677 2538 ο

206 2555 338 2603 χωρεῖ,
361 2552 450 2592 and
471 2551 656 2599 Seneca,
679 2553 766 2606 Ep.
791 2554 904 2594 cxix.
930 2556 968 2594 8.

213 2623 304 2664 140
