1742 2872
452 118 599 166 THE
635 116 957 165 EPISTLES
993 116 1084 164 OF
1119 115 1379 165 SENECA

169 239 306 283 omni
352 250 524 282 umore
576 233 945 296 obsequentior.
1042 232 1180 290 Quid
1227 237 1362 279 enim
1409 240 1486 281 est
1531 235 1667 281 aliud

135 332 158 337 ·“
170 318 364 361 animus
411 328 562 376 quam
620 310 838 374 quodam
895 310 1045 357 modo
1092 326 1145 357 se
1195 309 1385 358 habens
1430 314 1668 374 spiritus?

171 392 325 438 Vides
360 395 532 436 autem
559 395 704 435 tanto
729 391 959 451 spiritum
983 404 1092 434 esse
1117 387 1390 436 faciliorem
1413 393 1550 436 omni
1573 390 1668 437 alia
1697 437 1700 440 ,

172 471 397 526 materia,
421 473 612 531 quanto
637 470 837 513 tenuior
860 471 949 513 est.

120 547 148 597 7
260 545 409 603 Illud,
451 548 519 590 mi
562 543 739 602 Lucili,
775 560 877 590 non
915 549 993 590 est
1034 543 1168 606 quod
1204 549 1257 590 te
1293 544 1534 607 inpediat,
1570 563 1669 609 quo

172 627 337 671 minus
373 623 437 670 de
473 622 616 668 nobis
650 622 783 668 bene
820 637 1005 684 speres,
1040 621 1175 684 quod
1212 622 1400 669 malitia
1441 640 1531 670 nos
1572 627 1668 670 iam

174 707 334 758 tenet,
354 699 490 764 quod
513 700 600 746 diu
618 703 672 745 in
690 702 1000 762 possessione
1020 702 1175 745 nostri
1202 705 1280 745 est
1297 715 1309 755 3
1332 699 1397 746 ad
1415 704 1668 748 neminem

174 785 294 825 ante
341 779 474 824 bona
518 793 661 824 mens
703 780 844 823 venit
884 780 1034 839 quam
1075 776 1218 822 mala.
1291 776 1483 825 Omnes
1531 794 1672 841 prae-

175 858 405 918 occupati
430 870 611 901 sumus.
686 853 912 900 Virtutes
936 853 1128 901 discere
1153 857 1272 901 vitia
1295 854 1552 903 dediscere
1578 863 1668 903 est.

124 929 153 975 8
177 933 252 980 Eo
268 933 284 963 1
308 936 495 979 maiore
519 935 686 978 animo
709 931 774 978 ad
807 930 1216 978 emendationem
1247 936 1405 980 nostri
1429 933 1673 981 debemus

175 1011 433 1068 accedere,
471 1009 606 1072 quod
652 1008 807 1056 semel
856 1008 1028 1055 traditi
1075 1009 1218 1056 nobis
1264 1010 1383 1057 boni
1430 1017 1674 1074 perpetua

176 1091 419 1152 possessio
444 1093 552 1143 est3
586 1103 689 1133 non
714 1085 990 1133 dediscitur
1012 1089 1182 1133 virtus.
1256 1087 1511 1134 Contraria
1540 1093 1674 1136 enim
1739 1084 1742 1099 '

176 1166 343 1213 male2
377 1169 430 1212 in
463 1165 630 1212 alieno
671 1163 900 1222 haerent,
925 1164 1056 1216 ,ideo
1097 1165 1286 1227 depelli
1323 1172 1376 1212 et
1423 1168 1674 1215 exturbari
1740 1195 1742 1231 2

177 1250 409 1307 possunt3
433 1243 651 1290 fideliter
670 1242 867 1300 sedent,
883 1258 1011 1305 quae
1030 1246 1082 1288 in
1102 1242 1267 1290 locum
1286 1259 1431 1290 suum
1449 1248 1671 1292 veniunt.
1738 1237 1742 1305 ,'

177 1321 349 1369 Virtus
373 1319 651 1368 secundum
675 1325 906 1366 naturam
930 1325 1024 1378 est,
1048 1323 1170 1366 vitia
1191 1322 1394 1367 inimica
1417 1327 1471 1369 et
1493 1321 1677 1370 infesta
1737 1315 1742 1347 ·.

126 1400 154 1447 9
178 1405 308 1446 sunt.
371 1396 473 1445 Sed
493 1390 917 1460 quemadmodum
935 1399 1147 1446 virtutes
1165 1403 1401 1460 receptae
1421 1402 1557 1446 exire
1574 1416 1674 1446 non

178 1483 388 1540 possunt
406 1475 665 1538 facilisque
685 1491 856 1521 earum
874 1474 1038 1521 tutela
1062 1480 1156 1533 est,
1174 1478 1246 1521 ita
1269 1478 1469 1522 initium
1486 1476 1551 1523 ad
1569 1477 1678 1523 illas

179 1554 334 1602 eundi
368 1554 596 1611 arduum,
624 1555 740 1615 quia
764 1551 859 1599 hoc
894 1556 1147 1614 proprium
1162 1551 1181 1582 3
1205 1553 1470 1601 inbecillae
1494 1557 1679 1602 mentis

177 1639 331 1696 atque
346 1647 527 1695 aegrae
544 1637 637 1688 est,
654 1630 921 1677 formidare
936 1633 1212 1692 inexperta.
1262 1630 1439 1694 Itaque
1455 1632 1681 1694 cogenda

179 1717 273 1768 est,
315 1716 373 1756 ut
414 1712 650 1771 incipiat3
702 1706 889 1754 deinde
930 1724 1034 1754 non
1075 1714 1153 1754 est
1193 1708 1373 1755 acerba
1411 1710 1673 1757 medicina.

182 1788 412 1834 Protinus
445 1790 581 1834 enim
605 1784 846 1843 delectat,
879 1784 1001 1831 dum
1036 1791 1191 1832 sanat.
1265 1785 1491 1833 Aliorum
1517 1803 1677 1835 reme-

179 1865 376 1912 diorum
434 1870 549 1927 post
607 1866 877 1910 sanitatem
932 1862 1162 1924 voluptas
1221 1869 1315 1921 est,
1362 1864 1675 1928 philosophia

177 1945 367 2006 pariter
390 1947 444 1988 et
468 1941 696 1988 salutaris
723 1946 773 1986 et
797 1938 958 1986 dulcis
983 1946 1074 1986 est.
1147 1939 1299 1987 VALE.

244 2042 263 2070 ²
291 2043 500 2085 dediscere
519 2046 591 2083 est.
614 2054 660 2082 eo
682 2040 789 2081 Hau
823 2043 870 2087 ῖς
899 2041 1110 2082 dediscere
1129 2041 1232 2093 (om.
1261 2041 1346 2096 Pb)
1363 2044 1438 2085 sed
1455 2056 1501 2084 eo
1522 2042 1652 2086 MSS.

538 2095 557 2120 ²
582 2095 695 2136 male
716 2094 762 2136 P.
822 2094 1008 2143 homas;
1036 2095 1156 2135 mala
1176 2094 1304 2137 MSS.

480 2149 499 2177 ⁸
522 2149 758 2204 proprium
777 2147 991 2202 Madvig;
1015 2148 1213 2202 p‘m‘mum
1232 2148 1363 2193 MSS.

180 2578 277 2621 334
