1742 2872
424 135 571 182 THE
607 134 928 184 EPISTLES
966 133 1056 182 OF
1092 134 1358 183 SENECA

143 241 272 289 duce
293 258 512 289 erramus
537 247 591 288 et
614 241 826 288 dicimus
848 260 859 288 :
896 247 928 268 “
946 242 1061 287 Non
1086 257 1182 304 ego
1199 241 1489 288 ambitiosus
1515 258 1638 299 sum,

117 317 232 370 *sed
253 340 402 370 nemo
420 323 568 369 aliter
589 323 775 370 Romae
796 328 966 385 potest
984 307 1164 369 vivere.
1227 322 1342 369 Non
1361 339 1457 386 ego
1476 339 1642 384 sump-

143 410 316 451 tuosus
354 420 481 462 sum,
518 403 606 451 sed
648 405 766 451 urbs
804 407 911 466 ipsa
951 420 1158 465 magnas
1193 406 1427 466 inpensas
1469 407 1639 466 exigit.

146 485 260 531 Non
280 491 357 532 est
372 502 541 532 meum
565 489 760 543 vitium,
776 485 911 548 quod
931 485 1196 531 iracundus
1215 501 1341 543 sum,
1361 485 1494 548 quod
1521 501 1643 531 non-

143 566 264 612 dum
290 570 528 613 constitui
553 573 748 613 certum
773 583 933 629 genus
959 570 1123 622 vitae;
1158 566 1501 613 adulescentia
1520 566 1644 613 haec

95 650 124 697 4
143 647 312 694 facit.''
384 648 523 706 Quid
558 665 648 695 nos
684 648 999 711 decipimus?
1069 648 1186 694 Non
1222 654 1300 695 est
1336 651 1645 694 extrinsecus

143 729 331 776 malum
371 736 629 786 nostrum;
676 733 809 777 intra
849 745 940 776 nos
982 735 1077 787 est,
1117 732 1171 775 in
1218 729 1488 776 visceribus
1528 731 1646 791 ipsis

145 810 321 869 sedet,
344 817 398 858 et
434 811 550 857 ideo
592 811 865 861 difficulter
892 810 957 857 ad
996 814 1265 857 sanitatem
1313 812 1647 872 pervenimus,

144 895 261 955 quia
284 908 374 939 nos
397 898 658 955 aegrotare
687 896 950 939 nescimus.

230 972 284 1020 Si
308 977 467 1020 curari
492 978 820 1037 coeperimus,
845 973 1047 1037 quando
1071 978 1150 1020 tot
1173 973 1458 1019 morborum
1483 978 1649 1019 tantas

147 1054 303 1102 vires1
324 1054 680 1102 discutiemus?
734 1055 882 1102 Nunc
898 1071 1015 1101 vero
1030 1054 1125 1101 ne2
1143 1058 1426 1117 quaerimus
1445 1052 1649 1118 quidem
1717 1075 1742 1113 4

145 1137 415 1195 medicum,
445 1141 531 1201 qui
566 1140 733 1184 minus
768 1139 962 1200 negotii
999 1136 1225 1194 haberet,
1251 1140 1291 1183 si
1325 1135 1650 1183 adhiberetur

147 1218 212 1265 ad
236 1234 411 1266 recens
429 1222 621 1265 vitium.
696 1217 1041 1281 Sequerentur
1063 1220 1228 1264 teneri
1253 1222 1307 1265 et
1324 1217 1474 1264 rudes
1498 1218 1651 1263 animi
1718 1229 1725 1251 ²

97 1297 126 1342 5
148 1306 287 1347 recta
326 1306 707 1347 monstrantem.
794 1299 959 1346 Nemo
1006 1298 1272 1346 difficulter
1315 1298 1381 1345 ad
1421 1303 1651 1344 naturam
1719 1331 1722 1334 -

148 1381 423 1440 reducitur,
469 1385 564 1429 nisi
612 1384 698 1444 qui
745 1382 808 1427 ab
855 1380 941 1426 illa
999 1379 1202 1427 defecit.
1299 1379 1651 1427 Erubescimus

149 1463 342 1510 discere
378 1463 562 1510 bonam
595 1469 853 1518 mentem3
889 1467 943 1508 at
965 1461 1297 1520 mehercules,
1321 1465 1362 1509 si
1390 1467 1539 1524 turpe
1575 1465 1653 1507 est

149 1548 445 1608 magistrum
469 1543 617 1591 huius
642 1547 714 1591 rei
739 1559 996 1607 quaerere,
1014 1543 1141 1590 illud
1163 1542 1534 1606 desperandum
1559 1547 1652 1599 est,
1735 1552 1741 1627 t

152 1643 297 1690 posse
322 1627 465 1673 nobis
490 1642 606 1673 casu
630 1631 832 1673 tantum
855 1626 1044 1672 bonum
1067 1624 1287 1672 influere.

239 1707 591 1754 Laborandum
632 1713 727 1765 est,
770 1713 823 1754 et
869 1712 928 1754 ut
969 1723 1141 1754 verum
1183 1706 1364 1765 dicam,
1405 1723 1470 1754 ne
1516 1706 1653 1752 labor

154 1789 360 1853 quidem
395 1805 607 1852 magnus
643 1795 738 1847 est,
762 1792 803 1835 si
837 1788 1004 1846 modo,
1029 1794 1087 1835 ut
1122 1787 1242 1846 dixi,
1277 1794 1397 1835 ante
1433 1790 1653 1834 animum

153 1877 379 1918 nostrum
438 1870 650 1918 formare
708 1872 973 1932 incipimus
1027 1875 1081 1917 et
1138 1873 1458 1933 recorrigere,
1505 1884 1652 1932 quam

154 1953 441 2000 indurescat
465 1956 681 2015 pravitas
705 1955 825 1999 eius.
899 1951 1000 1999 Sed
1035 1968 1131 1999 nec
1165 1951 1399 1999 indurata
1426 1950 1651 2013 despero,
1725 1956 1742 2016 ’ᾗ

104 2033 132 2080 6
158 2034 296 2081 Nihil
350 2040 444 2092 est,
491 2034 626 2097 quod
672 2050 774 2080 non
822 2039 1082 2097 expugnet
1128 2036 1360 2096 pertinax
1406 2048 1557 2094 opera
1602 2037 1656 2078 et
1728 2060 1742 2085 12

155 2119 355 2164 intenta
388 2132 446 2162 ac
482 2114 698 2178 diligens
723 2130 869 2170 cura;
903 2115 1079 2161 robora
1114 2117 1167 2160 in
1202 2120 1393 2161 rectum
1432 2115 1656 2176 quamvis
1725 2112 1734 2187 ἐ

155 2196 283 2243 flexa
328 2196 594 2243 revocabis.
686 2195 923 2242 Curvatas
964 2195 1132 2242 trabes
1173 2194 1306 2241 calor
1342 2193 1561 2257 explicat
1601 2198 1656 2239 et
1723 2195 1734 2259 'j

156 2277 303 2325 aliter
326 2284 475 2324 natae
499 2280 552 2323 in
576 2276 628 2323 id
653 2276 928 2339 finguntur,
952 2275 1087 2339 quod
1116 2291 1232 2323 usus
1260 2281 1433 2322 noster
1467 2277 1655 2337 exigit3
1723 2282 1733 2343 j

158 2364 348 2422 quanto
388 2358 582 2404 facilius
623 2361 818 2404 animus
855 2361 1038 2420 accipit
1071 2357 1298 2415 formam,
1333 2355 1560 2403 flexibilis
1601 2361 1655 2403 et
1725 2379 1733 2428 ⁴.

226 2477 241 2503 ¹
270 2478 518 2519 morborum
532 2481 680 2518 tantas
697 2477 808 2518 vires
822 2475 959 2518 Gertz
975 2493 987 2525 ς
1015 2476 1183 2518 morbos
1202 2481 1349 2517 tantas
1367 2489 1414 2517 ve
1432 2489 1500 2516 res
1520 2473 1650 2516 MSS.
1730 2461 1732 2504 {

605 2530 624 2556 ²
650 2545 702 2572 ne
723 2530 956 2580 Muretus3
983 2544 1060 2571 nec
1079 2529 1210 2573 MSS.

163 2604 259 2646 332
