1742 2872
507 150 654 197 THE
691 150 1011 211 EPISTLES
1047 151 1138 200 OF
1172 151 1436 199 SENECA

568 447 761 496 SENECA
800 448 999 495 Lvmmo
1035 464 1119 495 svo
1155 464 1370 495 SALVTEM

174 578 198 626 1
307 579 400 626 Est
424 579 646 643 quidem,
669 583 740 626 mi
775 579 953 637 Lucili,
978 582 1182 641 supinus
1218 585 1271 626 et
1306 579 1600 642 neglegens,
1635 585 1719 644 qui

222 650 275 693 in
309 650 456 693 amici
478 650 770 694 memoriam
793 647 856 694 ab
885 646 1050 710 aliqua
1084 647 1291 709 regione
1325 646 1609 694 admonitus
1644 664 1720 695 re-

223 714 425 761 ducitur
440 729 453 770 3
487 720 659 761 tamen
684 717 957 777 repositum
975 716 1029 760 in
1046 717 1212 760 animo
1231 719 1400 760 nostro
1418 713 1719 762 desiderium

220 781 330 828 loca
364 781 620 828 interdum
651 781 910 828 familiaria
945 787 1156 828 evocant
1190 797 1284 827 nec
1309 784 1582 828 extinctam
1617 799 1718 830 me-

221 852 431 895 moriam
476 848 714 906 reddunt,
761 848 851 896 sed
908 851 1255 912 quiescentem
1311 851 1537 906 inritant,
1592 853 1719 897 sicut

221 915 447 963 dolorem
482 915 783 979 lugentium,
815 919 968 963 etiam
1003 919 1044 962 si
1078 919 1338 978 mitigatus
1363 922 1442 963 est
1476 922 1720 978 tempore,

221 989 311 1030 aut
346 983 570 1030 servulus
603 982 857 1030 familiaris
892 982 1103 1029 amisso¹
1136 989 1225 1029 aut
1256 986 1408 1030 vestis
1432 989 1520 1030 aut
1545 983 1719 1032 domus

221 1056 441 1097 renovat.

306 1118 438 1164 Ecce
465 1117 734 1180 Campania
760 1123 814 1165 et
835 1120 1052 1164 maxime
1079 1117 1316 1179 Neapolis
1339 1134 1397 1164 ac
1413 1117 1432 1147 2
1460 1117 1716 1180 Pompeio-

222 1201 332 1232 rum
357 1190 557 1231 tuorum
582 1190 880 1248 conspectus
899 1185 919 1215 ³
947 1184 1242 1232 incredibile
1269 1190 1347 1231 est
1370 1200 1521 1248 quam
1542 1191 1742 1234 recensi

222 1251 526 1299 desiderium
572 1255 648 1299 tui
695 1252 942 1308 fecerint3
994 1258 1131 1298 totus
1177 1251 1300 1298 mihi
1347 1255 1400 1298 in
1447 1251 1601 1299 oculis
1648 1239 1742 1320 ea}

223 1319 349 1365 Cum
394 1322 610 1366 maxime
656 1336 686 1365 a
731 1326 785 1367 te
833 1319 1050 1366 discedo.
1122 1318 1284 1366 Video
1330 1319 1555 1366 lacrimas
1602 1321 1742 1367 con-'²

221 1387 484 1434 bibentem
509 1392 563 1434 et
586 1386 868 1434 adfectibus
893 1389 993 1433 tuis
1017 1388 1151 1433 inter
1173 1389 1331 1448 ipsam
1363 1389 1718 1435 coercitionem

222 1453 524 1501 exeuntibus
548 1470 649 1500 non
676 1457 794 1501 satis
818 1457 1153 1501 resistentem.
1229 1453 1382 1500 Modo
1410 1457 1631 1501 amisisse
1662 1460 1731 1502 te.

171 1519 200 1566 2
222 1521 405 1568 videor.
479 1519 616 1579 Quid
649 1524 784 1567 enim
815 1537 914 1567 non
946 1525 978 1548 “
993 1519 1187 1567 modo''
1214 1526 1308 1579 est,
1338 1523 1378 1567 si
1408 1521 1742 1569 recorderis?¹

224 1588 379 1635 Modo
413 1587 549 1651 apud
583 1587 843 1636 Sotionem
875 1587 1229 1651 philosophum
1264 1603 1390 1650 puer
1419 1587 1544 1647 sedi,
1567 1587 1721 1636 modo

222 1672 393 1703 causas
430 1671 581 1718 agere
623 1659 783 1718 coepi,
824 1655 974 1702 modo
1015 1655 1141 1702 desii
1188 1654 1318 1702 velle
1359 1671 1526 1718 agere,
1567 1599 1742 1725 modo*

221 1722 347 1770 desii
393 1739 551 1786 posse.
628 1722 832 1769 Infinita
878 1729 956 1769 est
1003 1722 1241 1770 velocitas
1289 1726 1546 1785 temporis,
1587 1719 1728 1786 quae'

219 1794 379 1854 magis
415 1796 626 1853 apparet
671 1790 1069 1852 respicientibus.
1159 1790 1288 1836 Nam
1329 1789 1392 1836 ad
1433 1794 1684 1852 praesenti

220 1860 446 1905 intentos
470 1857 630 1913 fallit;
665 1857 793 1904 adeo
817 1860 1104 1920 praecipitis
1136 1856 1287 1919 fugae
1320 1860 1558 1904 transitus
1590 1855 1721 1905 lenis*

169 1923 198 1969 3
222 1930 314 1972 est.
387 1925 596 1971 Causam
621 1924 767 1971 huius
792 1927 865 1971 rei
888 1925 1121 1988 quaeris?
1191 1922 1445 1987 Quicquid
1476 1927 1731 1991 temporis]

220 1995 416 2050 transit,
442 1991 622 2039 eodem
653 1991 763 2038 loco
799 1997 907 2047 est3
943 1994 1130 2054 pariter
1160 1994 1414 2054 aspicitur,
1439 2007 1538 2037 una
1569 1995 1695 2058 iace¹
1725 1991 1730 2037 Ι

288 2144 797 2240 ῐσεθνυαῦῑίιέςὸᾕαπιὶῐίαήε
833 2144 989 2186 amisso
1023 2143 1188 2192 Gertzg
1230 2143 1390 2185 servuli
1424 2144 1533 2197 fam.
1570 2144 1660 2186 aan'

238 2212 393 2240 amasso
552 2230 563 2240 .

218 2199 235 2252 (
286 2253 304 2277 ‘2
330 2266 382 2293 ao
398 2200 660 2294 )Volkmann
678 2268 691 2300 ς
719 2266 746 2292 α
766 2251 857 2292 and
877 2253 938 2293 ad
956 2249 1087 2293 MSS.

286 2305 303 2331 ⁸
330 2312 576 2360 conspectus
599 2305 886 2353 Volkmann;
916 2310 1186 2359 compactum
1206 2304 1337 2348 MSS.

286 2362 302 2384 ⁴
330 2361 379 2401 in
397 2361 512 2402 idem
533 2359 767 2401 Rossbach
787 2376 799 2408 ς
827 2360 927 2401 inde
946 2358 1077 2412 pr;
1105 2360 1153 2400 in
1175 2358 1222 2401 P.

283 2453 303 2471 α
332 2444 557 2499 Probably
574 2444 654 2486 the
672 2444 920 2499 birthplace
939 2444 992 2485 of
1006 2443 1219 2486 Lucilius.

284 2500 299 2525 ⁶
328 2498 424 2539 The
444 2498 772 2552 Pythagorean.
832 2498 919 2539 For
937 2498 1007 2540 his
1021 2500 1155 2540 views
1175 2512 1233 2539 on
1253 2512 1305 2539 ve
1337 2500 1610 2546 etarianism,
1626 2512 1654 2539 a
1740 2516 1742 2519 ·

215 2552 332 2593 their
351 2552 572 2594 influence
591 2566 649 2594 on
670 2552 856 2600 Seneca,
879 2565 954 2594 see
979 2552 1062 2606 Ep.
1086 2553 1198 2594 cviii.
1226 2555 1274 2593 17
1326 2583 1337 2594 .
1667 2551 1671 2557 '

217 2622 314 2663 322

222 2058 407 2105 Omnia
430 2063 483 2105 in
507 2058 645 2105 idem
659 2059 679 2089 4
703 2058 1008 2121 profundum
1039 2058 1242 2106 cadunt.
1314 2058 1384 2105 Et
1405 2058 1591 2122 alioqui
1614 2075 1680 2106 no
