1742 2872
455 154 602 202 THE
638 151 958 201 EPISTLES
995 151 1085 201 OF
1122 150 1386 200 SENECA

145 281 361 328 reponere
387 271 441 311 et
464 267 630 311 vivere
663 270 918 327 tamquam
942 268 1194 324 superstes
1223 263 1316 308 sibi
1340 268 1394 308 et
1418 266 1670 324 sapienter

174 338 304 385 ferre
328 338 632 385 desiderium
667 341 754 384 sui.
830 337 958 382 Nam
991 336 1055 382 de
1084 341 1244 382 morte
1269 335 1430 382 multa
1452 336 1672 399 loquitur

175 419 229 459 et
252 412 304 458 id
327 415 434 474 agit
458 411 648 469 sedulo,
673 418 731 457 ut
754 411 896 457 nobis
928 410 1242 472 persuadeat,
1268 413 1307 455 si
1332 410 1459 476 quid·
1485 414 1671 456 incom-

175 485 311 532 modi
334 491 423 532 aut
446 491 612 532 metus
644 488 696 530 in
729 484 824 530 hoc
848 487 1054 546 negotio
1087 490 1179 541 est,
1204 486 1462 530 morientis
1495 486 1671 530 vitium

175 575 301 617 esse,
336 576 437 605 non
472 562 674 613 mortis;
710 574 812 604 non
842 560 1000 619 magis
1035 561 1088 603 in
1122 561 1230 619 ipsa
1263 560 1529 620 quicquam
1566 573 1673 604 esse

125 641 155 689 6
179 632 436 679 molestiae
483 648 630 695 quam
679 638 794 693 post
833 635 1005 693 ipsam.
1078 630 1201 676 Tam
1248 631 1456 677 demens
1503 636 1673 677 autem

179 713 272 764 est,
314 709 400 768 qui
440 709 606 763 timet,
653 705 788 768 quod
834 721 935 750 non
978 710 1057 751 est
1097 720 1344 767 passurus,
1391 721 1542 767 quam
1588 708 1674 767 qui

178 783 342 837 timet,
385 778 520 842 quod
560 795 663 825 non
711 785 795 825 est·
835 794 1078 825 sensurus.
1153 779 1235 824 An
1276 781 1537 845 quisquam
1578 777 1674 824 hoc

178 854 404 900 futurum
434 853 610 911 credit,
634 858 693 898 ut
724 869 814 915 per
841 868 991 916 quam
1026 851 1152 898 nihil
1185 856 1447 910 sentiatur,
1473 869 1531 898 ea
1564 868 1674 899 sen-
1739 856 1742 914 1

179 928 367 974 tiatur?
456 931 487 953 “
504 926 685 989 Ergo‚''
730 929 911 989 inquit,
948 931 1118 972 “mors
1164 926 1291 972 adeo
1338 932 1480 972 extra
1525 942 1674 972 omne
1739 956 1742 969 .

179 1001 365 1047 malum
391 1006 485 1058 est,
511 1007 568 1047 ut
592 1004 657 1046 sit
683 1006 823 1046 extra
846 1016 1047 1046 omnem
1071 992 1315 1046 malorum
1339 999 1580 1048 metum.”
1731 991 1742 1101 ⁴

129 1090 156 1138 7
266 1074 410 1120 Haec
447 1090 542 1136 ego
577 1077 678 1120 scio
714 1079 767 1120 et
803 1089 952 1135 saepe
989 1073 1125 1119 dicta
1160 1079 1214 1120 et
1255 1090 1404 1135 saepe
1445 1073 1674 1130 dicenda,

180 1147 269 1194 sed
316 1163 481 1210 neque
530 1163 644 1194 cum
690 1146 931 1210 legerem,
977 1163 1138 1210 aeque
1189 1146 1313 1193 mihi
1364 1146 1676 1209 profuerunt,

179 1238 344 1284 neque
387 1237 502 1267 cum
542 1220 766 1267 audirem
813 1221 904 1267 iis1
948 1220 1248 1278 dicentibus,
1290 1223 1376 1284 qui
1421 1220 1677 1283 negabant
1738 1222 1742 1228 '

179 1294 420 1353 timenda,
438 1311 467 1340 a
491 1310 699 1358 quorum
720 1300 861 1341 metu
885 1295 1094 1340 aberant
1115 1311 1126 1350 ;
1163 1293 1244 1341 hic
1267 1310 1384 1341 vero
1407 1294 1677 1356 plurimum

179 1368 314 1431 apud
360 1384 442 1415 me
497 1372 808 1415 auctoritatis
860 1367 1053 1425 habuit,
1101 1384 1214 1414 cum
1268 1367 1560 1431 loqueretur
1613 1368 1678 1415 de
1716 1411 1718 1414 .

128 1445 158 1492 8
180 1448 342 1489 morte
366 1445 539 1488 vicina.
618 1442 792 1488 Dicam
818 1445 952 1488 enim
969 1442 987 1472 2
1006 1442 1128 1505 quid
1153 1445 1396 1488 sentiam:
1433 1449 1557 1504 puto
1582 1442 1678 1489 for·
1727 1458 1729 1492 ς

180 1519 360 1563 tiorem
386 1531 494 1563 esse
519 1532 652 1574 eum,
677 1519 763 1578 qui
786 1519 838 1562 in
862 1519 970 1578 ipsa
992 1521 1153 1562 morte
1173 1521 1251 1562 est
1274 1532 1423 1578 quam
1448 1519 1534 1579 qui
1552 1519 1680 1563 circa

180 1596 408 1637 mortem.
484 1589 619 1636 Mors
644 1593 778 1636 enim
803 1589 1006 1636 admota
1031 1593 1183 1637 etiam
1207 1592 1434 1652 inperitis
1458 1593 1677 1636 animum

181 1663 326 1711 dedit
371 1679 474 1710 non
520 1663 713 1710 vitandi
759 1663 1078 1710 inevitabilia.
1153 1662 1235 1710 Sic
1282 1663 1528 1725 gladiator
1572 1670 1681 1711 tota

183 1754 353 1800 pugna
388 1736 730 1784 timidissimus
770 1737 998 1799 iugulum
1039 1737 1318 1783 adversario
1360 1743 1581 1799 praestat
1627 1744 1681 1784 et

183 1817 434 1858 errantem
458 1810 683 1872 gladium
716 1811 809 1857 sibi
842 1810 1171 1873 adtemperat.
1249 1810 1318 1857 At
1342 1810 1442 1868 illa,
1467 1827 1595 1874 quae
1629 1815 1680 1857 in

182 1888 462 1947 propinquo
487 1890 566 1930 est
588 1888 764 1946 utique
790 1890 1015 1942 ventura,
1035 1884 1288 1930 desiderat
1312 1884 1504 1931 lentam
1528 1888 1678 1931 animi

182 1958 487 2015 firmitatem,
512 1973 640 2020 quae
671 1964 749 2004 est
780 1961 932 2003 rarior
954 1974 1049 2004 nec
1081 1964 1251 2020 potest
1273 1961 1368 2004 nisi
1392 1975 1421 2004 a
1453 1961 1680 2021 sapiente

183 2034 436 2094 praestari.

134 2119 162 2166 9
272 2104 626 2152 Libentissime
644 2108 815 2167 itaque
830 2105 972 2151 illum
990 2104 1255 2151 audiebam
1273 2109 1411 2168 quasi
1431 2105 1680 2153 ferentem

575 2210 590 2235 ¹
619 2210 674 2251 iis
693 2209 858 2258 Gertz3
887 2210 951 2251 his
972 2210 1037 2258 P;
1067 2211 1152 2252 diis
1204 2209 1285 2252 Lb.

571 2263 589 2288 ²
616 2265 731 2305 enim
751 2263 950 2311 Mente13
979 2265 1109 2305 etiam
1128 2278 1157 2317 p
1203 2264 1281 2306 Pb.

252 2383 272 2400 α
300 2375 395 2416 The
415 2375 623 2417 defeated
684 2375 872 2417 ladiator
894 2378 931 2416 is
959 2377 1184 2429 supposed
1208 2381 1256 2418 to
1284 2378 1338 2418 be
1364 2391 1421 2418 on
1452 2378 1520 2418 his
1546 2378 1678 2425 back,

186 2430 254 2470 his
284 2433 512 2482 opponent
541 2433 641 2471 stan
677 2432 754 2482 ing
786 2443 892 2470 over
926 2430 1018 2470 him
1046 2430 1137 2471 and
1164 2431 1303 2472 about
1333 2434 1380 2472 to
1411 2432 1576 2472 deliver
1603 2433 1681 2473 the

186 2483 294 2524 final
324 2483 448 2524 blow.
506 2483 572 2524 As
601 2484 679 2524 the
707 2484 838 2524 blade
867 2497 1036 2525 wavers
1064 2488 1112 2525 at
1143 2484 1222 2525 the
1250 2485 1414 2532 throat‚
1447 2485 1681 2538 searching

186 2538 256 2578 for
275 2537 353 2577 the
366 2537 547 2590 jugular
566 2540 683 2585 vein,
705 2537 784 2579 the
803 2539 956 2578 victim
976 2538 1139 2579 directs
1158 2538 1236 2579 the
1255 2541 1394 2592 point.
1741 2535 1742 2564 ¹

187 2609 284 2650 214
