1742 2872
221 530 309 597 L.
372 531 761 596 ANNAEI
828 530 1292 597 SENECAE
1354 531 1490 595 AD

279 649 803 716 LUCILIUM
863 649 1444 716 EPISTULAE

846 818 883 866 Ι.

470 958 663 1006 SENECA
702 957 902 1004 LVCILIO
938 973 1023 1003 SVO
1059 973 1276 1005 SALVTEM

69 1097 94 1146 1
206 1092 286 1139 Ita
309 1091 403 1149 fac,
422 1094 492 1136 mi
519 1090 679 1136 Lucili
701 1106 712 1144 ;
747 1088 944 1135 vindica
967 1094 1021 1135 te
1040 1089 1150 1146 tibi,
1169 1095 1222 1135 et
1246 1095 1461 1152 tempus,
1478 1091 1612 1153 quod
1700 1086 1703 1087 ⁷

22 1247 28 1252 ·
120 1187 285 1234 adhuc
312 1192 401 1233 aut
432 1183 753 1231 auferebatur
784 1188 872 1230 aut
904 1183 1273 1245 subripiebatur
1294 1190 1382 1231 aut
1414 1185 1614 1232 excide-

121 1283 225 1340 bat,
251 1281 431 1344 collige
465 1285 519 1327 et
546 1295 697 1326 serva.
776 1277 1024 1325 Persuade
1056 1278 1151 1324 tibi
1182 1277 1277 1325 hoc
1312 1282 1381 1326 sic
1407 1296 1531 1338 esse,
1557 1286 1614 1327 ut

122 1377 313 1425 scribo:
348 1375 596 1439 quaedam
620 1380 849 1435 tempora
878 1376 1159 1435 eripiuntur
1181 1375 1342 1432 nobis,
1367 1376 1612 1437 quaedam

123 1472 484 1528 subducuntur,
521 1468 766 1533 quaedam
804 1468 1025 1514 effluunt.
1104 1468 1408 1531 Turpissima
1442 1476 1614 1518 tamen

121 1573 200 1615 est
223 1570 428 1623 iactura,
447 1580 575 1627 quae
599 1579 690 1626 per
711 1563 1092 1626 neglegentiam
1114 1562 1183 1610 fit.
1258 1563 1324 1610 Et
1342 1567 1382 1610 si
1402 1565 1616 1614 volueris

122 1661 405 1718 attendere,
429 1662 644 1705 maxima
663 1674 774 1721 pars
792 1661 926 1704 vitae
947 1657 1162 1704 elabitur
1182 1658 1313 1705 male
1331 1661 1614 1721 agentibus,

125 1773 306 1818 magna
351 1754 477 1800 nihil
524 1753 809 1815 agentibUS,
851 1759 960 1799 tota
1006 1756 1109 1799 vita
1153 1752 1290 1799 aliud
1331 1755 1612 1816 agentibus.

72 1861 102 1908 2
125 1851 293 1909 Quem
311 1849 435 1895 mihi
454 1848 612 1906 dabis,
628 1843 718 1910 qui
741 1847 944 1909 aliquod
967 1850 1186 1910 pretium
1205 1851 1418 1910 tempori
1444 1856 1615 1911 ponat,

125 1948 211 2008 qui
247 1944 383 1991 diem
421 1946 671 1999 aestimet,
708 1944 793 2004 qui
831 1941 1100 2004 intellegat
1140 1957 1194 1988 se
1235 1942 1420 1989 cotidie
1455 1946 1615 1990 mori?

130 2039 187 2085 In
234 2038 330 2084 hoc
378 2040 513 2084 enim
554 2035 788 2093 fallimur,
827 2035 962 2098 quod
1003 2042 1217 2082 mortem
1259 2041 1616 2099 prospicimus3

126 2149 308 2196 magna
354 2148 465 2194 pars
512 2135 618 2178 eius
664 2134 762 2177 iam
810 2133 1063 2192 praeterit.
1136 2130 1391 2194 Quicquid
1436 2137 1618 2181 aetatis

125 2234 260 2275 retro
285 2234 378 2285 est,
401 2242 533 2272 mors
558 2231 717 2272 tenet.

213 2322 309 2368 Fac
335 2337 470 2383 ergo,
495 2324 561 2365 mi
592 2320 768 2378 Lucili,
793 2319 927 2383 quod
956 2319 1121 2367 facere
1154 2326 1207 2366 te
1232 2321 1419 2379 scribis,
1443 2338 1617 2370 omnes

128 2417 270 2464 horas
312 2416 646 2478 conplectere.
722 2414 803 2461 Sic
850 2415 953 2472 fiet,
989 2421 1047 2461 ut
1088 2418 1252 2462 minus
1298 2432 1358 2463 ex
1402 2422 1617 2466 crastino

127 2512 365 2575 pendeas,
397 2514 438 2558 si
485 2509 728 2557 hodierno
773 2525 976 2556 manum
1023 2513 1264 2557 inieceriS.
1340 2510 1474 2558 Dum
1522 2513 1615 2559 dif-

129 2594 158 2635 2
1571 2607 1574 2609 .
