1742 2872
516 165 662 212 THE
699 166 1019 215 EPISTLES
1055 167 1145 215 OF
1181 166 1447 214 SENECA

235 274 314 320 vel
340 275 403 320 ad
427 278 601 321 mortis
626 275 707 321 vel
725 275 788 321 ad
808 269 940 321 vitae
960 279 1271 337 patientiam.
1346 276 1406 321 In
1425 281 1694 338 utrumque
1710 275 1727 306 ¹

234 366 370 408 enim
387 363 629 410 monendi
647 380 704 409 ac
722 364 951 409 firmandi
970 381 1155 421 sumus,
1175 370 1228 410 et
1247 381 1311 410 ne
1335 367 1483 411 nimis
1507 378 1729 411 amemus

233 455 387 498 vitam
407 458 460 498 et
478 469 542 498 ne
562 455 709 498 nimis
734 452 997 499 oderimus.
1072 453 1239 499 Etiam
1264 470 1378 498 cum
1402 456 1527 499 ratio
1551 452 1731 499 suadet

231 539 372 586 finire
392 540 484 597 se,2
502 557 603 586 non
627 547 821 588 temere
845 558 939 588 nec
964 559 1079 588 cum
1102 558 1337 604 procursu
1363 541 1634 603 capiendus
1654 547 1732 588 est

148 633 209 678 25
234 630 450 688 inpetus.
523 627 612 673 Vir
647 627 789 674 fortis
825 645 882 674 ac
919 632 1117 691 sapiens
1153 645 1256 674 non
1290 628 1469 690 fugere
1504 628 1662 675 debet
1702 645 1730 675 e

234 718 353 772 vita,
385 716 475 762 sed
508 720 658 762 exire.
732 717 800 762 Et
832 723 952 763 ante
989 720 1156 763 omnia
1186 717 1273 763 ille
1310 733 1509 779 quoque
1546 720 1742 763 vitetur*

233 802 458 862 affectus,
483 808 567 867 qui
600 805 785 851 multos
817 808 1096 866 occupavit,
1121 804 1567 870 libido-moriendi.
1641 804 1708 850 Es

236 894 387 949 enim,
410 895 481 938 mi
507 892 684 949 Lucili,
710 899 768 939 ut
801 892 866 939 ad
897 893 1009 950 alia,
1035 896 1104 939 sic
1139 896 1291 938 etiam
1323 892 1387 938 ad
1418 891 1680 939 moriendu

234 979 516 1026 inconsulta
562 984 714 1026 animi
762 981 1040 1039 inclinatio,
1089 996 1217 1043 quae
1266 997 1415 1042 saepe
1463 996 1710 1042 generoso

234 1073 388 1130 atque
420 1072 690 1116 acerrimae
722 1069 905 1116 indolis
939 1072 1067 1115 viros
1100 1072 1320 1130 corripit,
1346 1084 1496 1130 saepe
1529 1071 1710 1131 ignavo
1737 1118 1742 1121 ,

235 1158 589 1219 iacentesque3
625 1156 698 1203 illi
724 1163 1059 1203 contemnunt
1083 1159 1252 1214 vitam,
1278 1155 1330 1202 hi
1355 1162 1635 1219 gravantur.

151 1256 211 1302 26
321 1242 575 1302 Quosdam
603 1245 738 1291 subit
764 1245 942 1292 eadem
967 1244 1186 1299 faciendi
1204 1244 1510 1308 videndique
1530 1249 1678 1292 satiet
1734 1229 1740 1234 Δ

237 1339 291 1379 et
315 1337 447 1380 vitae
472 1350 570 1379 non
600 1335 770 1380 odium
790 1334 878 1381 sed
898 1333 1173 1392 fastidium,
1191 1337 1246 1380 in
1270 1333 1405 1396 quod
1430 1334 1708 1396 prolabimu

237 1423 345 1483 ipsa
359 1421 640 1484 inpellente
658 1422 990 1485 philosophia,
1006 1422 1129 1469 dum
1143 1422 1356 1469 dicimus
1375 1440 1386 1468 ε
1411 1427 1441 1450 “
1458 1420 1699 1485 Quousqu

239 1510 453 1557 eadem?
553 1511 751 1573 Nempe
817 1514 1134 1573 expergiscar
1196 1510 1455 1568 dormiam,
1521 1513 1681 1556 esuria

237 1597 526 1655 fastidiam,3
566 1598 747 1660 algebo
788 1598 1042 1644 aestuabo.
1120 1597 1315 1644 Nullius
1363 1600 1435 1644 rei
1482 1597 1591 1643 finis
1639 1613 1691 1644 es

236 1686 325 1733 sed
357 1689 409 1731 in
441 1686 612 1732 orbem
645 1702 775 1732 nexa
807 1691 926 1732 sunt
957 1688 1140 1743 omnia,
1164 1685 1367 1748 fugiunt
1396 1702 1453 1731 ac
1478 1689 1690 1732 secuntu

239 1775 389 1820 Diem
412 1790 512 1819 nox
545 1777 745 1836 premit,
771 1773 878 1820 dies
910 1779 1132 1831 noctem,
1156 1779 1318 1820 aestas
1350 1776 1403 1818 in
1430 1779 1678 1823 ⁴autumnu

236 1861 439 1918 desinit,
458 1867 700 1907 autumno
718 1860 916 1922 hiemps
931 1864 1104 1918 instat,
1120 1876 1249 1923 quae
1265 1876 1381 1907 vere
1398 1864 1688 1922 conpescitu

235 1953 402 1996 omnia
427 1954 495 1996 sic
519 1956 784 1996 transeunt
809 1955 866 1995 ut
890 1953 1218 1996 revertantur.
1295 1947 1433 1994 Nihil
1453 1951 1567 1994 novi
1587 1948 1688 2016 facs,

236 2037 362 2084 nihil
393 2041 509 2083 novi
541 2037 687 2084 video
705 2053 716 2092 ;
753 2037 809 2083 fit
840 2036 1110 2099 aliquando
1144 2042 1198 2083 et
1230 2035 1375 2082 huius
1404 2039 1476 2082 rei
1508 2039 1680 2082 nausia

238 2126 390 2172 Multi
436 2131 569 2182 sunt,
606 2128 689 2188 qui
731 2141 834 2171 non
874 2125 1110 2171 acerbum
1150 2123 1378 2171 iudicent
1418 2127 1600 2181 vivere,
1641 2139 1663 2169 s

235 2229 609 2277 supervacuum.
682 2212 832 2260 VALE.

424 2321 440 2346 ¹
469 2326 547 2361 aut
566 2321 615 2362 in
634 2325 740 2361 utra
811 2334 863 2360 ue
882 2319 1052 2372 pLPb;
1084 2319 1240 2360 Hense
1264 2320 1423 2371 rejects
1443 2323 1536 2362 aut.

691 2374 708 2398 ’2
734 2388 776 2414 se
848 2374 983 2426 advig
1005 2389 1015 2423 ;
1044 2375 1118 2415 sed
1138 2372 1267 2415 MSS.

681 2427 698 2453 3
728 2427 884 2468 Hense
903 2427 1015 2469 adds
1027 2428 1276 2482 fastidiam.

237 2635 331 2676 180
