1742 2872
447 158 591 205 THE
628 156 948 204 EPISTLES
988 156 1079 204 OF
1115 154 1380 202 SENECA

880 335 937 381 V.

506 463 698 511 SENECA
737 463 936 510 LVCILIO
971 479 1055 509 SVO
1091 478 1307 509 SALVTEM

116 587 138 635 1
250 581 400 640 Quod
437 584 764 643 pertinaciter
795 579 969 626 studes
994 585 1048 626 et
1080 580 1310 625 omnibus
1339 582 1530 626 omissis
1566 578 1662 626 hoc

164 676 321 706 unum
345 663 467 721 agis,
492 665 551 705 ut
583 665 635 705 te
660 657 918 704 meliorem
945 657 1129 703 cotidie
1154 657 1322 715 facias,
1348 663 1401 703 et
1429 658 1584 719 probo
1610 664 1663 704 et
1724 693 1739 709 k.

164 736 378 799 gaudeo,
399 752 494 782 nec
527 741 726 782 tantum
760 734 947 791 hortor,
974 741 1031 781 ut
1061 750 1367 797 perseveres,
1392 734 1482 780 sed
1510 738 1662 780 etiam

164 831 298 877 rogo.
373 813 506 859 Illud
539 820 710 859 autem
736 819 788 859 te
814 812 1077 870 admoneo,
1102 829 1167 859 ne
1194 829 1365 858 eorum
1398 828 1552 869 more,
1577 815 1663 874 qui
1724 799 1726 801 Ι

164 908 267 938 non
319 891 556 954 proficere
604 890 694 936 sed
741 892 961 952 conspici
1009 893 1236 952 cupiunt,
1284 889 1434 936 facias
1481 889 1663 952 aliqua,

165 985 294 1032 quae
330 972 383 1014 in
419 968 593 1014 habitu
630 974 718 1014 tuo
754 973 842 1014 aut
877 983 1065 1030 genere
1101 971 1233 1014 vitae
1269 967 1510 1014 notabilia
1547 970 1660 1013 sint.

115 1046 145 1093 2
167 1046 416 1108 Asperum
432 1045 624 1091 cultum
644 1051 698 1091 et
717 1048 971 1091 intonsum
991 1050 1142 1106 caput
1158 1051 1212 1091 et
1226 1045 1663 1107 neglegentiorem

167 1124 370 1170 barbam
406 1129 460 1170 et
496 1122 744 1169 indictum
779 1127 991 1184 argento
1027 1121 1197 1168 odium
1233 1128 1287 1168 et
1323 1122 1488 1169 cubile
1526 1122 1664 1168 humi

167 1204 401 1263 positum,
427 1206 481 1246 et
510 1199 748 1263 quicquid
783 1199 919 1246 aliud
947 1199 1154 1246 ambitio
1188 1215 1370 1261 nempe
1400 1198 1663 1261 perversa¹

167 1283 244 1324 via
268 1281 508 1340 sequitur,
534 1281 679 1324 evita.
753 1276 883 1323 Satis
907 1280 1070 1339 ipsum
1094 1293 1280 1323 nomen
1305 1276 1666 1339 philosophiae,

169 1359 322 1402 etiam
351 1359 391 1401 si
428 1355 654 1401 modeste
691 1360 955 1412 tractetur,
984 1354 1282 1400 invidiosum
1319 1359 1426 1409 est;
1467 1353 1590 1416 quid
1625 1357 1665 1400 si

169 1449 259 1479 nos
307 1432 565 1478 hominum
607 1432 957 1479 consuetudini
1007 1435 1317 1494 coeperimus
1361 1433 1667 1493 excerpere?

172 1510 316 1557 Intus
369 1513 535 1556 omnia
592 1509 849 1556 dissimilia
901 1513 1018 1567 sint,
1066 1509 1200 1556 frons
1259 1509 1445 1572 populo
1498 1515 1666 1555 nostra

120 1587 149 1634 3
171 1591 448 1635 conveniat.
524 1589 637 1634 Non
664 1587 929 1649 splendeat
962 1594 1096 1650 toga,
1122 1603 1186 1633 ne
1212 1587 1411 1634 sordeat
1443 1585 1662 1649 quidem.

173 1667 286 1712 Non
324 1665 594 1712 habeamus
627 1671 910 1727 argentum,
935 1669 988 1711 in
1020 1665 1154 1728 quod
1187 1664 1332 1711 solidi
1367 1667 1474 1710 auri
1507 1664 1665 1711 caela·
1728 1700 1731 1702 -

170 1749 281 1790 tura
322 1742 658 1801 descenderit,
698 1742 787 1789 sed
829 1759 930 1788 non
972 1749 1208 1805 putemus
1249 1741 1551 1804 frugalitatis
1592 1746 1668 1788 in-

170 1820 356 1867 dicium
403 1837 522 1867 auro
568 1826 879 1884 argentoque
928 1824 1154 1867 caruisse.
1231 1819 1289 1866 Id
1342 1835 1562 1882 agamus,
1611 1826 1667 1866 ut
1738 1868 1742 1876 ι

171 1898 430 1945 meliorem
462 1901 615 1944 vitam
641 1914 906 1961 sequamur
940 1914 1088 1960 quam
1124 1897 1319 1959 vulgus,
1342 1913 1445 1942 non
1470 1903 1525 1943 ut
1551 1913 1667 1943 con-

171 1979 401 2031 trariam3
450 1975 671 2038 alioquin
706 1991 829 2038 quos
866 1975 1121 2022 emendari
1159 1974 1400 2032 volumuS,
1437 1973 1668 2037 fugamus
1735 1970 1742 1975 ”

169 2070 199 2099 a
238 2054 382 2099 nobis
430 2059 484 2100 et
528 2056 811 2100 avertimus.
888 2052 1021 2099 Illud
1068 2068 1267 2116 quoque
1315 2052 1569 2110 efficimus,
1613 2058 1668 2098 ut
1739 2100 1742 2111 ⁴

168 2114 298 2176 Hihil
332 2133 514 2177 imitari
551 2130 711 2177 velint
746 2132 919 2188 nostri,
944 2130 1065 2176 dum
1101 2133 1301 2186 timent,
1327 2145 1391 2175 ne
1429 2129 1667 2176 imitanda
1738 2127 1742 2135 ’

172 2211 274 2255 sint
297 2212 475 2255 omnia.
1739 2269 1742 2277 Ι

125 2287 154 2332 4
261 2285 375 2331 Hoc
412 2288 625 2347 primum
660 2284 974 2347 philosophia
1010 2288 1274 2347 promittit,
1302 2300 1502 2330 sensum
1535 2301 1667 2331 com·
1738 2284 1742 2318 ἓ

174 2379 396 2419 munem,
434 2362 801 2409 humanitatem
848 2369 901 2408 et
948 2365 1404 2424 congregationem.
1480 2362 1524 2406 A
1571 2378 1668 2425 qua
1740 2360 1742 2363 ’

174 2439 480 2502 professione
516 2439 869 2486 dissimilitudo
910 2455 1000 2485 nos
1043 2439 1306 2501 separabit.
1380 2439 1667 2498 Videamus,

194 2548 207 2572 ²
237 2547 413 2589 ambitio
425 2561 576 2601 nempe
589 2561 794 2600 perversa
809 2547 945 2589 Gertz
963 2564 974 2594 ς
1002 2547 1278 2588 ambitionem
1288 2560 1494 2600 perversa
1509 2545 1637 2589 MSS.

178 2618 243 2659 20
