1742 2872
500 139 647 187 THE
682 140 1003 189 EPISTLES
1041 140 1132 189 OF
1167 141 1434 190 SENECA

146 304 170 310 K
215 247 548 312 Quocumque
587 253 779 296 miseris
820 251 1038 310 oculum,
1075 251 1129 298 id
1170 252 1264 299 tibi
1302 259 1545 310 occurret,
1581 253 1716 316 quod

215 339 438 383 eminere
462 343 648 399 posset,
674 340 770 384 nisi
793 340 928 385 inter
952 342 1088 400 paria
1111 339 1379 401 legeretur,

159 428 189 474 5
298 423 468 481 Quare
510 425 709 488 depone
757 429 904 473 istam
947 443 1105 489 spem,
1146 444 1291 490 posse
1333 435 1387 475 te
1429 432 1716 476 summatim

212 510 483 574 degustare
530 516 733 575 ingenia
781 518 1108 561 maximorum
1159 519 1406 572 virorum3
1466 522 1574 563 tota
1621 517 1714 563 tibi

212 600 525 661 inspicienda
549 607 683 659 sunt,
708 607 818 648 tota
853 603 1126 650 tractanda.
1204 604 1301 650 Res
1333 608 1525 666 geritur
1549 611 1601 651 et
1626 621 1714 667 per

211 686 520 735 lineamenta
556 705 644 736 sua
681 694 873 753 ingenii
914 708 1038 754 opus
1075 696 1314 750 nectitur,
1353 709 1416 739 ex
1452 709 1551 755 quo
1588 693 1714 740 nihil

212 775 422 822 subduci
458 780 566 824 sine
608 781 751 825 ruina
785 785 968 841 potest.
1045 780 1152 826 Nec
1190 797 1380 839 recuso,
1417 797 1516 844 quo
1550 785 1714 828 minus

212 864 408 926 singula
427 866 667 924 membra,
684 866 956 914 dummodo
975 872 1027 914 in
1046 871 1153 930 ipso
1174 868 1393 926 homine,
1414 869 1710 918 consideres.

215 951 329 997 Non
356 959 434 999 est
465 952 731 1012 formonsa,
756 958 895 1001 cuius
921 972 1032 1002 crus
1064 956 1297 1003 laudatur
1320 963 1408 1003 aut
1441 956 1714 1015 brachium,

213 1039 302 1085 sed
325 1040 426 1098 illa,
453 1045 592 1088 cuius
625 1046 855 1090 universa
888 1043 1040 1091 facies
1073 1044 1459 1091 admirationem
1491 1046 1715 1107 partibus

213 1128 421 1189 singulis
446 1129 666 1177 abstulit.

161 1224 189 1270 6
299 1213 351 1262 Si
375 1222 546 1264 tamen
573 1223 817 1282 exegeris,
843 1236 947 1266 non
970 1226 1075 1266 tam
1099 1220 1332 1267 mendice
1358 1226 1527 1267 tecum
1551 1237 1714 1283 agam,

213 1303 302 1350 sed
326 1304 477 1366 plena
500 1323 652 1354 manu
676 1307 797 1364 fiet3
831 1312 1012 1372 ingens
1046 1326 1218 1356 eorum
1251 1310 1399 1356 turba
1431 1316 1509 1356 est
1531 1312 1713 1372 passim

211 1395 501 1453 iacentium,
549 1397 794 1444 sumenda
840 1405 1006 1456 erunt,
1053 1415 1155 1445 non
1204 1397 1500 1462 colligenda.
1597 1397 1713 1444 Non

214 1485 347 1528 enim
397 1483 654 1544 excidunt,
702 1485 791 1533 sed
831 1486 1006 1534 fluunt.
1083 1486 1334 1550 Perpetua
1380 1492 1433 1533 et
1479 1490 1613 1533 inter
1659 1501 1713 1532 se

214 1576 452 1618 contexta
488 1579 617 1621 sunt.
694 1574 800 1621 Nec
834 1574 1028 1633 dubito,
1054 1578 1176 1638 quin
1199 1574 1417 1622 multum
1450 1573 1713 1620 conferant

214 1658 419 1705 rudibus
451 1660 616 1707 adhuc
640 1668 695 1709 et
723 1665 1032 1709 extrinsecus
1057 1662 1484 1718 auscultantibus3
1520 1661 1712 1708 facilius

215 1749 350 1792 enim
374 1748 571 1810 singula
594 1749 822 1796 insidunt
846 1753 1218 1811 circumscripta
1238 1756 1291 1797 et
1310 1753 1539 1796 carminis
1564 1748 1712 1796 modo

162 1840 190 1888 7
213 1834 416 1882 inclusa.
492 1835 614 1883 Ideo
639 1841 804 1899 pueris
830 1844 883 1884 et
909 1841 1186 1885 sententias
1220 1837 1513 1885 ediscendas
1537 1837 1713 1884 damus

214 1928 268 1968 et
293 1921 380 1968 has
404 1939 526 1986 quas
560 1924 736 1972 Graeci
772 1925 932 1972 chrias
966 1932 1163 1983 vocant,
1188 1928 1304 1989 quia
1329 1926 1579 1988 conplecti
1603 1924 1712 1971 illas

214 2012 417 2072 puerilis
459 2016 655 2060 animus
702 2021 888 2077 potest,
930 2019 1015 2078 qui
1057 2015 1170 2078 plus
1211 2015 1376 2062 adhuc
1417 2032 1518 2061 non
1560 2018 1707 2077 capit.

214 2098 351 2146 Certi
391 2099 644 2162 profectus
687 2106 790 2149 viro
831 2109 1031 2165 captare
1072 2101 1298 2150 flosculos
1345 2109 1491 2166 turpe
1533 2108 1611 2150 est
1659 2108 1712 2149 et

214 2185 389 2234 fulcire
414 2204 467 2234 se
491 2193 760 2236 notissimis
779 2207 836 2236 ac
855 2194 1161 2253 paucissimis
1180 2191 1382 2238 vocibus
1402 2197 1455 2238 et
1474 2193 1712 2237 memoria

215 2281 376 2331 stare3
430 2277 522 2323 sibi
560 2281 658 2324 iam
700 2282 957 2326 innitatur,
1033 2277 1184 2325 Dicat
1223 2281 1336 2336 ista,
1379 2295 1480 2324 non
1518 2284 1706 2325 teneat.

216 2362 382 2425 Turpe
409 2371 486 2411 est
510 2369 645 2412 enim
677 2371 784 2413 seni
816 2374 904 2413 aut
940 2369 1263 2429 prospicienti
1295 2372 1612 2413 senectutem
1648 2381 1726 2412 ex·

281 2483 302 2501 α
331 2475 486 2517 Either
525 2479 758 2519 “maxims
773 2477 798 2495 ’'
834 2491 885 2519 or
924 2477 1206 2524 “outlines‚’'
1238 2477 1504 2520 “themes.”
1560 2477 1647 2518 For
1682 2489 1712 2518 ο,

216 2529 464 2571 discussion
485 2530 536 2571 of
550 2531 676 2572 them
699 2545 773 2572 see
794 2531 1058 2584 Quintilian,
1079 2532 1188 2574 Inst.
1218 2531 1340 2574 Orac.
1364 2533 1392 2574 i.
1417 2535 1454 2572 9.
1479 2533 1506 2572 3
1525 2531 1570 2573 ff.

218 2593 315 2642 236
