1742 2872
479 164 625 211 THE
662 162 983 210 EPISTLES
1021 161 1111 208 01⁴·
1148 160 1412 208 SENECA

198 279 418 321 vivamus
455 280 508 321 et
544 277 711 320 omnia
746 279 1001 335 tamquam
1038 271 1127 317 illo
1162 270 1368 317 vidente
1404 267 1692 315 faciamus.”

118 347 174 396 Ἀ9
200 352 329 409 Hoc,
345 355 413 397 mi
436 351 614 408 Lucili,
635 351 880 413 Epicurus
906 352 1176 412 praecepit.
1252 346 1525 393 Custodem
1550 347 1693 393 nobis

197 436 252 477 et
298 429 647 492 paedagogum
695 427 856 485 dedit,
892 443 987 474 nec
1028 429 1278 472 inmerito.
1354 425 1541 486 Magna
1582 440 1694 486 pars

198 514 516 569 peccatorum
534 505 745 562 tollitur,
767 508 806 551 si
826 507 1106 567 peccaturis
1131 506 1276 550 testis
1301 502 1514 549 adsistit.
1588 501 1695 547 Ali-

198 601 349 648 quem
386 584 571 630 habeat
605 587 817 639 animus,
842 598 994 645 quem
1030 587 1277 637 vereatur,
1308 583 1447 626 cuius
1483 582 1719 635 auctori-3*

197 669 307 710 tate
332 665 484 709 etiam
511 667 761 708 secretum
788 676 932 706 suum
951 662 1170 705 sanctius
1191 657 1354 703 faciat.
1429 656 1475 702 O
1496 655 1714 707 felicem?

198 740 358 798 illum,
385 743 469 803 qui
502 756 606 785 non
638 753 875 801 praesens
908 742 1126 794 tantum,
1151 735 1241 782 sed
1267 738 1421 781 etiam
1447 736 1719 795 cogitatus

200 817 465 865 emendat!
542 816 587 862 O
622 815 841 873 felicem,
867 818 953 878 qui
985 817 1054 861 sic
1080 814 1300 876 aliquem
1326 814 1486 859 vereri
1511 807 1719 874 potest,s

200 902 259 943 ut
299 895 363 942 ad
403 897 696 941 memoriam
744 909 943 956 quoque
992 895 1098 938 eius
1147 907 1199 937 se
1248 895 1500 952 conponat
1546 895 1721 952 atque.

201 972 430 1019 ordinet!
503 970 604 1029 Qui
653 975 722 1018 sic
770 971 990 1033 aliquem
1027 973 1188 1016 vereri
1235 973 1423 1030 potest,
1460 970 1561 1014 cito
1604 969 1722 1013 eri

118 1054 179 1101 10
202 1049 464 1097 verendus.
533 1049 680 1111 Elige
701 1052 872 1111 itaque
892 1047 1149 1095 Catonem.
1224 1045 1276 1092 Si
1296 1045 1377 1091 hic
1393 1046 1487 1092 tibi
1502 1044 1676 1092 videtu

201 1131 350 1174 nimis
374 1127 580 1190 rigidus,
606 1126 740 1189 elige
765 1128 1056 1172 remissioris
1080 1126 1234 1170 animi
1263 1126 1424 1169 virum
1458 1122 1630 1169 Laeliu
1646 1142 1672 1163 u

204 1206 351 1268 Elige
377 1222 510 1263 eum,
536 1207 675 1251 cuius
701 1204 795 1250 tibi
819 1202 1010 1266 placuit
1035 1209 1088 1249 et
1114 1205 1216 1248 vita
1241 1207 1294 1248 et
1318 1204 1476 1248 oratio
1509 1207 1563 1246 et
1594 1202 1670 1262 ips
1681 1220 1710 1246 ·-;,

203 1286 426 1330 animum
466 1288 588 1329 ante
632 1298 685 1328 se
727 1280 896 1328 ferens
938 1280 1139 1335 vultus3
1191 1279 1336 1324 illum
1378 1278 1470 1324 tibi
1507 1293 1677 1339 sempe
1692 1279 1731 1343 κῑζ

204 1361 418 1409 ostende
466 1360 547 1407 vel
595 1359 860 1406 custodem
908 1358 987 1405 vel
1036 1356 1339 1419 exemplum.
1414 1356 1556 1417 Opus
1608 1340 1731 1401 est*

204 1443 427 1503 inquam,
445 1438 628 1501 alique,
645 1437 708 1484 ad
733 1453 886 1500 quem
910 1451 1073 1483 mores
1097 1438 1255 1481 nostri
1276 1450 1328 1480 se
1354 1437 1448 1495 ipsi
1469 1436 1675 1496 exigant
1687 1445 1720 1491 ς’»

206 1520 301 1564 nisi
325 1516 388 1564 ad
413 1515 640 1579 regulam
663 1531 815 1578 prava
838 1531 939 1560 non
966 1517 1196 1576 corriges.
1269 1511 1420 1558 VALE.

549 1837 742 1886 SENECA
781 1837 981 1884 Lvmmo
1018 1853 1102 1883 svo
1138 1851 1356 1882 SALVTEM
1726 1565 1742 1908 Ι

159 1946 182 1993 1
295 1946 628 2009 Quocumque
652 1961 735 1991 me
760 1947 906 2001 verti,
931 1949 1231 2006 argumenta
1255 1945 1533 1989 senectutis
1564 1955 1713 1987 meae

211 2024 370 2071 video.
446 2023 698 2070 Veneram
729 2025 782 2067 in
815 2021 1157 2068 suburbanum
1186 2036 1359 2066 meum
1388 2025 1442 2066 et
1466 2018 1714 2082 querebar
1736 2005 1738 2011 ¹

212 2102 276 2149 de
301 2105 524 2164 inpensis
548 2100 762 2148 aedificii
787 2099 1072 2146 dilabentis.
1148 2097 1237 2144 Ait
1261 2097 1436 2144 vilicus
1460 2096 1584 2143 mihi
1608 2110 1715 2142 non-

213 2196 322 2226 esse
357 2179 716 2242 neglegentiae
753 2194 870 2224 suae
908 2179 1101 2233 vitium,
1126 2179 1292 2222 omnia
1328 2191 1380 2222 se
1415 2174 1598 2232 facere,
1621 2168 1718 2220 sed

213 2257 383 2304 villam
416 2264 642 2304 veterem
674 2272 796 2303 esse.
873 2255 1017 2301 Haec
1050 2253 1166 2300 villa
1198 2257 1334 2300 inter
1363 2268 1540 2298 manus
1574 2253 1711 2305 meas'

214 2338 399 2391 crevit3
459 2334 581 2397 quid
621 2333 745 2379 mihi
784 2332 1010 2379 futurum
1047 2338 1141 2388 est,
1178 2335 1217 2377 si
1254 2337 1358 2376 tam
1394 2333 1560 2392 putria
1595 2311 1717 2425 sun}

281 2452 462 2505 aFrag.
487 2454 567 2491 210
588 2451 776 2492 Usener.

282 2508 299 2533 ὃ
327 2506 422 2546 The
418 2466 504 2558 gfig
508 2519 583 2546 ure
603 2507 641 2546 is
660 2504 799 2546 taken
819 2504 936 2544 from
954 2503 1034 2544 the
1053 2506 1215 2549 ἄδυτον,
1237 2502 1315 2543 the
1336 2502 1462 2555 Holy
1481 2501 1532 2542 of
1554 2500 1713 2543 Holies

215 2563 260 2601 in
280 2574 308 2601 a
326 2519 506 2613 templeg.
571 2559 636 2614 O'f.
662 2558 833 2611 Vergil,
856 2557 1043 2604 Aeneid,
1066 2558 1121 2599 vi.
1150 2560 1199 2597 10
1218 2562 1378 2598 secreta
1399 2556 1594 2610 Sibyllae.
1732 2570 1734 2573 ·

219 2625 283 2674 64
