<?xml version="1.0" encoding="UTF-8"?>
<!DOCTYPE html PUBLIC "-//W3C//DTD XHTML 1.0 Transitional//EN"
    "http://www.w3.org/TR/xhtml1/DTD/xhtml1-transitional.dtd">
<html xmlns="http://www.w3.org/1999/xhtml" xml:lang="en" lang="en">
 <head>
  <title>
</title>
<meta http-equiv="Content-Type" content="text/html;charset=utf-8" />
  <meta name='ocr-system' content='tesseract 3.04.00' />
  <meta name='ocr-capabilities' content='ocr_page ocr_carea ocr_par ocr_line ocrx_word'/>
</head>
<body>
  <div class='ocr_page' id='page_1' title='image "adluciliumepistu01seneuoft_0384.png"; bbox 0 0 1742 2872; ppageno 0'>
   <div class='ocr_carea' id='block_1_1' title="bbox 483 153 1414 201">
    <p class='ocr_par' dir='ltr' id='par_1_1' title="bbox 483 153 1414 201">
     <span class='ocr_line' id='line_1_1' title="bbox 483 153 1414 201; baseline 0.001 -2"><span class='ocrx_word' id='word_1_1' title='bbox 483 153 629 199; x_wconf 90' lang='lat' dir='ltr'><strong>THE</strong></span> <span class='ocrx_word' id='word_1_2' title='bbox 666 153 986 201; x_wconf 91' lang='lat' dir='ltr'><strong>EPISTLES</strong></span> <span class='ocrx_word' id='word_1_3' title='bbox 1023 153 1114 201; x_wconf 89' lang='lat' dir='ltr'><strong>OF</strong></span> <span class='ocrx_word' id='word_1_4' title='bbox 1150 154 1414 200; x_wconf 90' lang='lat' dir='ltr'>SENECA</span> 
     </span>
    </p>
   </div>
   <div class='ocr_carea' id='block_1_2' title="bbox 150 263 1695 394">
    <p class='ocr_par' dir='ltr' id='par_1_2' title="bbox 150 263 1695 394">
     <span class='ocr_line' id='line_1_2' title="bbox 200 263 1695 326; baseline 0.002 -18"><span class='ocrx_word' id='word_1_5' title='bbox 200 263 340 309; x_wconf 86' lang='lat' dir='ltr'><strong>velut</strong></span> <span class='ocrx_word' id='word_1_6' title='bbox 365 263 492 309; x_wconf 90' lang='lat' dir='ltr'><strong>levia</strong></span> <span class='ocrx_word' id='word_1_7' title='bbox 516 263 619 309; x_wconf 86' lang='lat' dir='ltr'><strong>tela</strong></span> <span class='ocrx_word' id='word_1_8' title='bbox 644 263 755 309; x_wconf 90' lang='lat' dir='ltr'><strong>laxo</strong></span> <span class='ocrx_word' id='word_1_9' title='bbox 788 268 896 310; x_wconf 88' lang='lat' dir='ltr'><strong>sinu</strong></span> <span class='ocrx_word' id='word_1_10' title='bbox 933 264 1109 322; x_wconf 81' lang='lat' dir='ltr'><strong>eludit,</strong></span> <span class='ocrx_word' id='word_1_11' title='bbox 1135 264 1379 326; x_wconf 84' lang='lat' dir='ltr'>quaedam</span> <span class='ocrx_word' id='word_1_12' title='bbox 1413 265 1617 311; x_wconf 85' lang='lat' dir='ltr'>discutit</span> <span class='ocrx_word' id='word_1_13' title='bbox 1644 272 1695 311; x_wconf 87' lang='lat' dir='ltr'><strong>et</strong></span> 
     </span>
     <span class='ocr_line' id='line_1_3' title="bbox 150 332 1396 394; baseline 0.002 -18"><span class='ocrx_word' id='word_1_14' title='bbox 150 366 174 371; x_wconf 59' lang='lat'><strong>„,</strong></span> <span class='ocrx_word' id='word_1_15' title='bbox 198 334 250 376; x_wconf 92' lang='lat' dir='ltr'><strong>in</strong></span> <span class='ocrx_word' id='word_1_16' title='bbox 275 346 391 376; x_wconf 90' lang='lat' dir='ltr'><strong>eum</strong></span> <span class='ocrx_word' id='word_1_17' title='bbox 417 347 590 394; x_wconf 88' lang='lat' dir='ltr'><strong>usque,</strong></span> <span class='ocrx_word' id='word_1_18' title='bbox 615 334 700 394; x_wconf 92' lang='lat' dir='ltr'><strong>qui</strong></span> <span class='ocrx_word' id='word_1_19' title='bbox 725 334 944 390; x_wconf 82' lang='lat' dir='ltr'><strong>miserat,</strong></span> <span class='ocrx_word' id='word_1_20' title='bbox 969 335 1173 394; x_wconf 81' lang='lat' dir='ltr'><strong>respuit.</strong></span> <span class='ocrx_word' id='word_1_21' title='bbox 1247 332 1396 380; x_wconf 76' lang='lat' dir='ltr'><strong>VALE.</strong></span> 
     </span>
    </p>
   </div>
   <div class='ocr_carea' id='block_1_3' title="bbox 862 577 1030 626">
    <p class='ocr_par' dir='ltr' id='par_1_3' title="bbox 862 577 1030 626">
     <span class='ocr_line' id='line_1_4' title="bbox 862 577 1030 626; baseline 0.018 -3"><span class='ocrx_word' id='word_1_22' title='bbox 862 577 1030 626; x_wconf 94' lang='lat' dir='ltr'><strong>LIIII.</strong></span> 
     </span>
    </p>
   </div>
   <div class='ocr_carea' id='block_1_4' title="bbox 542 717 1347 766">
    <p class='ocr_par' dir='ltr' id='par_1_4' title="bbox 542 717 1347 766">
     <span class='ocr_line' id='line_1_5' title="bbox 542 717 1347 766; baseline 0.001 -1"><span class='ocrx_word' id='word_1_23' title='bbox 542 717 736 765; x_wconf 79' lang='lat' dir='ltr'>SENECA</span> <span class='ocrx_word' id='word_1_24' title='bbox 775 719 975 766; x_wconf 75' lang='lat' dir='ltr'><strong>chtLlo</strong></span> <span class='ocrx_word' id='word_1_25' title='bbox 1011 735 1095 766; x_wconf 88' lang='lat' dir='ltr'><strong>SVO</strong></span> <span class='ocrx_word' id='word_1_26' title='bbox 1130 735 1347 766; x_wconf 85' lang='lat' dir='ltr'>SALVTEM</span> 
     </span>
    </p>
   </div>
   <div class='ocr_carea' id='block_1_5' title="bbox 143 858 1742 2136">
    <p class='ocr_par' dir='ltr' id='par_1_5' title="bbox 147 858 1695 1326">
     <span class='ocr_line' id='line_1_6' title="bbox 147 858 1694 922; baseline -0.001 -15"><span class='ocrx_word' id='word_1_27' title='bbox 147 862 168 908; x_wconf 91' lang='lat'>1</span> <span class='ocrx_word' id='word_1_28' title='bbox 283 858 514 922; x_wconf 91' lang='lat' dir='ltr'><strong>Longum</strong></span> <span class='ocrx_word' id='word_1_29' title='bbox 533 858 657 905; x_wconf 88' lang='lat' dir='ltr'><strong>mihi</strong></span> <span class='ocrx_word' id='word_1_30' title='bbox 677 859 1038 906; x_wconf 90' lang='lat' dir='ltr'><strong>commeatum1</strong></span> <span class='ocrx_word' id='word_1_31' title='bbox 1059 859 1269 906; x_wconf 83' lang='lat' dir='ltr'><strong>dederat</strong></span> <span class='ocrx_word' id='word_1_32' title='bbox 1294 859 1424 906; x_wconf 90' lang='lat' dir='ltr'><strong>mala</strong></span> <span class='ocrx_word' id='word_1_33' title='bbox 1441 859 1665 906; x_wconf 88' lang='lat' dir='ltr'><strong>valitudo</strong></span> <span class='ocrx_word' id='word_1_34' title='bbox 1683 876 1694 916; x_wconf 90' lang='lat'>;</span> 
     </span>
     <span class='ocr_line' id='line_1_7' title="bbox 197 925 1695 991; baseline 0.001 -19"><span class='ocrx_word' id='word_1_35' title='bbox 197 933 409 989; x_wconf 87' lang='lat' dir='ltr'><strong>repente</strong></span> <span class='ocrx_word' id='word_1_36' title='bbox 428 943 509 974; x_wconf 92' lang='lat' dir='ltr'><strong>me</strong></span> <span class='ocrx_word' id='word_1_37' title='bbox 529 930 721 974; x_wconf 87' lang='lat' dir='ltr'><strong>invasit.</strong></span> <span class='ocrx_word' id='word_1_38' title='bbox 779 932 811 954; x_wconf 89' lang='lat'><strong><em>“</em></strong></span> <span class='ocrx_word' id='word_1_39' title='bbox 825 925 940 985; x_wconf 84' lang='lat' dir='ltr'><strong>Quo</strong></span> <span class='ocrx_word' id='word_1_40' title='bbox 958 943 1146 991; x_wconf 85' lang='lat' dir='ltr'><strong>genere</strong></span> <span class='ocrx_word' id='word_1_41' title='bbox 1164 928 1183 973; x_wconf 88' lang='lat'>?</span> <span class='ocrx_word' id='word_1_42' title='bbox 1199 927 1227 942; x_wconf 93' lang='lat'><strong>&#39;&#39;</strong></span> <span class='ocrx_word' id='word_1_43' title='bbox 1254 930 1430 990; x_wconf 89' lang='lat' dir='ltr'>inquis.</span> <span class='ocrx_word' id='word_1_44' title='bbox 1495 926 1695 974; x_wconf 87' lang='lat' dir='ltr'><strong>Prorsus</strong></span> 
     </span>
     <span class='ocr_line' id='line_1_8' title="bbox 196 994 1692 1057; baseline 0.001 -17"><span class='ocrx_word' id='word_1_45' title='bbox 196 998 377 1040; x_wconf 91' lang='lat' dir='ltr'><strong>merito</strong></span> <span class='ocrx_word' id='word_1_46' title='bbox 412 997 690 1057; x_wconf 77' lang='lat' dir='ltr'><strong>interrogas</strong></span> <span class='ocrx_word' id='word_1_47' title='bbox 707 1010 719 1051; x_wconf 91' lang='lat'>;</span> <span class='ocrx_word' id='word_1_48' title='bbox 777 994 904 1041; x_wconf 88' lang='lat' dir='ltr'><strong>adeo</strong></span> <span class='ocrx_word' id='word_1_49' title='bbox 938 994 1133 1041; x_wconf 92' lang='lat' dir='ltr'><strong>nullum</strong></span> <span class='ocrx_word' id='word_1_50' title='bbox 1176 994 1299 1040; x_wconf 92' lang='lat' dir='ltr'><strong>mihi</strong></span> <span class='ocrx_word' id='word_1_51' title='bbox 1335 998 1564 1057; x_wconf 85' lang='lat' dir='ltr'><strong>ignotum</strong></span> <span class='ocrx_word' id='word_1_52' title='bbox 1601 1001 1692 1042; x_wconf 88' lang='lat' dir='ltr'><strong>est.</strong></span> 
     </span>
     <span class='ocr_line' id='line_1_9' title="bbox 202 1062 1694 1125; baseline 0 -17"><span class='ocrx_word' id='word_1_53' title='bbox 202 1062 301 1108; x_wconf 92' lang='lat' dir='ltr'><strong>Uni</strong></span> <span class='ocrx_word' id='word_1_54' title='bbox 325 1068 498 1108; x_wconf 90' lang='lat' dir='ltr'><strong>tamen</strong></span> <span class='ocrx_word' id='word_1_55' title='bbox 534 1062 706 1108; x_wconf 87' lang='lat' dir='ltr'><strong>morbo</strong></span> <span class='ocrx_word' id='word_1_56' title='bbox 738 1066 878 1125; x_wconf 82' lang='lat' dir='ltr'><strong>quasi</strong></span> <span class='ocrx_word' id='word_1_57' title='bbox 901 1062 1191 1124; x_wconf 82' lang='lat' dir='ltr'><strong>adsignatus</strong></span> <span class='ocrx_word' id='word_1_58' title='bbox 1217 1078 1342 1119; x_wconf 82' lang='lat' dir='ltr'><strong>sum,</strong></span> <span class='ocrx_word' id='word_1_59' title='bbox 1367 1078 1518 1125; x_wconf 91' lang='lat' dir='ltr'><strong>quem</strong></span> <span class='ocrx_word' id='word_1_60' title='bbox 1542 1078 1694 1124; x_wconf 89' lang='lat' dir='ltr'><strong>quare</strong></span> 
     </span>
     <span class='ocr_line' id='line_1_10' title="bbox 197 1128 1694 1192; baseline 0.001 -18"><span class='ocrx_word' id='word_1_61' title='bbox 197 1128 391 1175; x_wconf 88' lang='lat' dir='ltr'><strong>Graeco</strong></span> <span class='ocrx_word' id='word_1_62' title='bbox 432 1132 635 1176; x_wconf 89' lang='lat' dir='ltr'><strong>nomine</strong></span> <span class='ocrx_word' id='word_1_63' title='bbox 682 1129 934 1191; x_wconf 89' lang='lat' dir='ltr'><strong>appellem</strong></span> <span class='ocrx_word' id='word_1_64' title='bbox 982 1133 1180 1185; x_wconf 83' lang='lat' dir='ltr'><strong>nesci03</strong></span> <span class='ocrx_word' id='word_1_65' title='bbox 1233 1133 1352 1176; x_wconf 90' lang='lat' dir='ltr'><strong>satis</strong></span> <span class='ocrx_word' id='word_1_66' title='bbox 1400 1132 1535 1176; x_wconf 90' lang='lat' dir='ltr'><strong>enim</strong></span> <span class='ocrx_word' id='word_1_67' title='bbox 1575 1136 1694 1192; x_wconf 91' lang='lat' dir='ltr'><strong>apte</strong></span> 
     </span>
     <span class='ocr_line' id='line_1_11' title="bbox 196 1196 1694 1259; baseline 0.001 -17"><span class='ocrx_word' id='word_1_68' title='bbox 196 1196 295 1242; x_wconf 93' lang='lat' dir='ltr'><strong>dici</strong></span> <span class='ocrx_word' id='word_1_69' title='bbox 331 1199 595 1258; x_wconf 90' lang='lat' dir='ltr'><strong>suspirium</strong></span> <span class='ocrx_word' id='word_1_70' title='bbox 633 1202 813 1259; x_wconf 89' lang='lat' dir='ltr'><strong>potest.</strong></span> <span class='ocrx_word' id='word_1_71' title='bbox 889 1196 1059 1243; x_wconf 91' lang='lat' dir='ltr'><strong>Brevis</strong></span> <span class='ocrx_word' id='word_1_72' title='bbox 1099 1203 1270 1243; x_wconf 90' lang='lat' dir='ltr'><strong>autem</strong></span> <span class='ocrx_word' id='word_1_73' title='bbox 1308 1196 1453 1243; x_wconf 90' lang='lat' dir='ltr'><strong>valde</strong></span> <span class='ocrx_word' id='word_1_74' title='bbox 1495 1202 1549 1243; x_wconf 88' lang='lat' dir='ltr'><strong>et</strong></span> <span class='ocrx_word' id='word_1_75' title='bbox 1583 1213 1694 1259; x_wconf 90' lang='lat' dir='ltr'><strong>pro-</strong></span> 
     </span>
     <span class='ocr_line' id='line_1_12' title="bbox 197 1263 1690 1326; baseline 0.001 -17"><span class='ocrx_word' id='word_1_76' title='bbox 197 1263 356 1310; x_wconf 86' lang='lat' dir='ltr'><strong>cellae</strong></span> <span class='ocrx_word' id='word_1_77' title='bbox 388 1263 561 1310; x_wconf 89' lang='lat' dir='ltr'><strong>similis</strong></span> <span class='ocrx_word' id='word_1_78' title='bbox 594 1270 671 1310; x_wconf 88' lang='lat' dir='ltr'><strong>est</strong></span> <span class='ocrx_word' id='word_1_79' title='bbox 703 1268 953 1326; x_wconf 90' lang='lat' dir='ltr'><strong>impetus;</strong></span> <span class='ocrx_word' id='word_1_80' title='bbox 988 1267 1121 1310; x_wconf 87' lang='lat' dir='ltr'><strong>intra</strong></span> <span class='ocrx_word' id='word_1_81' title='bbox 1148 1263 1321 1310; x_wconf 88' lang='lat' dir='ltr'><strong>horam</strong></span> <span class='ocrx_word' id='word_1_82' title='bbox 1352 1263 1458 1310; x_wconf 87' lang='lat' dir='ltr'><strong>fere</strong></span> <span class='ocrx_word' id='word_1_83' title='bbox 1491 1263 1690 1311; x_wconf 84' lang='lat' dir='ltr'><strong>desinit.</strong></span> 
     </span>
    </p>

    <p class='ocr_par' dir='ltr' id='par_1_6' title="bbox 146 1329 1742 1732">
     <span class='ocr_line' id='line_1_13' title="bbox 146 1329 1742 1394; baseline 0.001 -18"><span class='ocrx_word' id='word_1_84' title='bbox 146 1330 173 1376; x_wconf 87' lang='lat'>2</span> <span class='ocrx_word' id='word_1_85' title='bbox 197 1329 322 1389; x_wconf 84' lang='lat' dir='ltr'><strong>Quis</strong></span> <span class='ocrx_word' id='word_1_86' title='bbox 365 1334 501 1377; x_wconf 92' lang='lat' dir='ltr'><strong>enim</strong></span> <span class='ocrx_word' id='word_1_87' title='bbox 541 1331 627 1377; x_wconf 92' lang='lat' dir='ltr'><strong>diu</strong></span> <span class='ocrx_word' id='word_1_88' title='bbox 670 1332 924 1393; x_wconf 88' lang='lat' dir='ltr'><strong>exspirat?</strong></span> <span class='ocrx_word' id='word_1_89' title='bbox 1012 1330 1196 1378; x_wconf 91' lang='lat' dir='ltr'><strong>Omnia</strong></span> <span class='ocrx_word' id='word_1_90' title='bbox 1237 1334 1452 1394; x_wconf 86' lang='lat' dir='ltr'><strong>corporis</strong></span> <span class='ocrx_word' id='word_1_91' title='bbox 1490 1338 1577 1378; x_wconf 93' lang='lat' dir='ltr'><strong>aut</strong></span> <span class='ocrx_word' id='word_1_92' title='bbox 1618 1335 1693 1377; x_wconf 92' lang='lat' dir='ltr'><strong>in-</strong></span> <span class='ocrx_word' id='word_1_93' title='bbox 1740 1361 1742 1363; x_wconf 87' lang='lat'>·</span> 
     </span>
     <span class='ocr_line' id='line_1_14' title="bbox 195 1397 1692 1461; baseline 0 -17"><span class='ocrx_word' id='word_1_94' title='bbox 195 1397 456 1444; x_wconf 90' lang='lat' dir='ltr'><strong>commoda</strong></span> <span class='ocrx_word' id='word_1_95' title='bbox 495 1404 584 1445; x_wconf 90' lang='lat' dir='ltr'><strong>aut</strong></span> <span class='ocrx_word' id='word_1_96' title='bbox 619 1398 839 1461; x_wconf 87' lang='lat' dir='ltr'><strong>pericula</strong></span> <span class='ocrx_word' id='word_1_97' title='bbox 879 1415 970 1461; x_wconf 87' lang='lat' dir='ltr'><strong>per</strong></span> <span class='ocrx_word' id='word_1_98' title='bbox 1003 1415 1085 1446; x_wconf 91' lang='lat' dir='ltr'><strong>me</strong></span> <span class='ocrx_word' id='word_1_99' title='bbox 1120 1402 1456 1454; x_wconf 82' lang='lat' dir='ltr'><strong>transierunt3</strong></span> <span class='ocrx_word' id='word_1_100' title='bbox 1497 1399 1692 1445; x_wconf 92' lang='lat' dir='ltr'><strong>nullum</strong></span> 
     </span>
     <span class='ocr_line' id='line_1_15' title="bbox 195 1465 1691 1529; baseline 0.001 -18"><span class='ocrx_word' id='word_1_101' title='bbox 195 1465 318 1511; x_wconf 91' lang='lat' dir='ltr'><strong>mihi</strong></span> <span class='ocrx_word' id='word_1_102' title='bbox 342 1465 544 1512; x_wconf 85' lang='lat' dir='ltr'><strong>videtur</strong></span> <span class='ocrx_word' id='word_1_103' title='bbox 567 1466 839 1513; x_wconf 89' lang='lat' dir='ltr'><strong>molestius.</strong></span> <span class='ocrx_word' id='word_1_104' title='bbox 912 1465 1139 1524; x_wconf 85' lang='lat' dir='ltr'><strong>Quidni?</strong></span> <span class='ocrx_word' id='word_1_105' title='bbox 1216 1466 1370 1513; x_wconf 90' lang='lat' dir='ltr'><strong>Aliud</strong></span> <span class='ocrx_word' id='word_1_106' title='bbox 1395 1469 1531 1512; x_wconf 92' lang='lat' dir='ltr'><strong>enim</strong></span> <span class='ocrx_word' id='word_1_107' title='bbox 1555 1469 1691 1529; x_wconf 92' lang='lat' dir='ltr'><strong>quic-</strong></span> 
     </span>
     <span class='ocr_line' id='line_1_16' title="bbox 194 1532 1690 1596; baseline 0.001 -17"><span class='ocrx_word' id='word_1_108' title='bbox 194 1532 315 1595; x_wconf 89' lang='lat' dir='ltr'><strong>quid</strong></span> <span class='ocrx_word' id='word_1_109' title='bbox 341 1539 434 1591; x_wconf 83' lang='lat' dir='ltr'><strong>est,</strong></span> <span class='ocrx_word' id='word_1_110' title='bbox 459 1539 718 1596; x_wconf 87' lang='lat' dir='ltr'><strong>aegrotare</strong></span> <span class='ocrx_word' id='word_1_111' title='bbox 739 1540 832 1591; x_wconf 87' lang='lat' dir='ltr'><strong>est,</strong></span> <span class='ocrx_word' id='word_1_112' title='bbox 858 1532 953 1580; x_wconf 91' lang='lat' dir='ltr'><strong>hoc</strong></span> <span class='ocrx_word' id='word_1_113' title='bbox 977 1537 1194 1579; x_wconf 90' lang='lat' dir='ltr'><strong>animam</strong></span> <span class='ocrx_word' id='word_1_114' title='bbox 1219 1550 1438 1596; x_wconf 89' lang='lat' dir='ltr'><strong>egerere.</strong></span> <span class='ocrx_word' id='word_1_115' title='bbox 1513 1533 1690 1596; x_wconf 89' lang='lat' dir='ltr'><strong>Itaque</strong></span> 
     </span>
     <span class='ocr_line' id='line_1_17' title="bbox 192 1600 1691 1648; baseline 0.001 -2"><span class='ocrx_word' id='word_1_116' title='bbox 192 1600 376 1647; x_wconf 89' lang='lat' dir='ltr'><strong>medici</strong></span> <span class='ocrx_word' id='word_1_117' title='bbox 395 1600 524 1647; x_wconf 91' lang='lat' dir='ltr'><strong>hanc</strong></span> <span class='ocrx_word' id='word_1_118' title='bbox 543 1605 575 1627; x_wconf 86' lang='lat'><strong><em>“</em></strong></span> <span class='ocrx_word' id='word_1_119' title='bbox 590 1600 974 1648; x_wconf 87' lang='lat' dir='ltr'><strong>meditationem</strong></span> <span class='ocrx_word' id='word_1_120' title='bbox 992 1604 1165 1648; x_wconf 89' lang='lat' dir='ltr'><strong>mortis</strong></span> <span class='ocrx_word' id='word_1_121' title='bbox 1183 1600 1210 1616; x_wconf 88' lang='lat'><strong>’&#39;</strong></span> <span class='ocrx_word' id='word_1_122' title='bbox 1228 1607 1420 1647; x_wconf 90' lang='lat' dir='ltr'><strong>vocant.</strong></span> <span class='ocrx_word' id='word_1_123' title='bbox 1484 1601 1654 1647; x_wconf 87' lang='lat' dir='ltr'><strong>Faciet</strong></span> <span class='ocrx_word' id='word_1_124' title='bbox 1672 1600 1691 1631; x_wconf 80' lang='lat'><strong>2</strong></span> 
     </span>
     <span class='ocr_line' id='line_1_18' title="bbox 195 1667 1687 1732; baseline 0.001 -19"><span class='ocrx_word' id='word_1_125' title='bbox 195 1670 329 1714; x_wconf 91' lang='lat' dir='ltr'><strong>enim</strong></span> <span class='ocrx_word' id='word_1_126' title='bbox 353 1667 621 1730; x_wconf 91' lang='lat' dir='ltr'><strong>aliquando</strong></span> <span class='ocrx_word' id='word_1_127' title='bbox 651 1671 852 1731; x_wconf 87' lang='lat' dir='ltr'><strong>spiritus</strong></span> <span class='ocrx_word' id='word_1_128' title='bbox 887 1668 991 1725; x_wconf 91' lang='lat' dir='ltr'><strong>ille,</strong></span> <span class='ocrx_word' id='word_1_129' title='bbox 1014 1668 1149 1732; x_wconf 93' lang='lat' dir='ltr'><strong>quod</strong></span> <span class='ocrx_word' id='word_1_130' title='bbox 1185 1684 1334 1731; x_wconf 89' lang='lat' dir='ltr'><strong>saepe</strong></span> <span class='ocrx_word' id='word_1_131' title='bbox 1360 1675 1566 1715; x_wconf 89' lang='lat' dir='ltr'><strong>conatus</strong></span> <span class='ocrx_word' id='word_1_132' title='bbox 1597 1674 1687 1716; x_wconf 90' lang='lat' dir='ltr'><strong>est.</strong></span> 
     </span>
    </p>

    <p class='ocr_par' dir='ltr' id='par_1_7' title="bbox 143 1732 1734 2068">
     <span class='ocr_line' id='line_1_19' title="bbox 143 1732 1691 1799; baseline 0.001 -20"><span class='ocrx_word' id='word_1_133' title='bbox 143 1732 172 1779; x_wconf 90' lang='lat'><strong>3</strong></span> <span class='ocrx_word' id='word_1_134' title='bbox 197 1734 426 1782; x_wconf 83' lang='lat' dir='ltr'><strong>Hilarem</strong></span> <span class='ocrx_word' id='word_1_135' title='bbox 464 1751 545 1782; x_wconf 93' lang='lat' dir='ltr'><strong>me</strong></span> <span class='ocrx_word' id='word_1_136' title='bbox 581 1741 726 1798; x_wconf 89' lang='lat' dir='ltr'><strong>putas</strong></span> <span class='ocrx_word' id='word_1_137' title='bbox 774 1735 898 1782; x_wconf 88' lang='lat' dir='ltr'><strong>haec</strong></span> <span class='ocrx_word' id='word_1_138' title='bbox 944 1736 1038 1783; x_wconf 88' lang='lat' dir='ltr'><strong>tibi</strong></span> <span class='ocrx_word' id='word_1_139' title='bbox 1080 1736 1311 1793; x_wconf 91' lang='lat' dir='ltr'><strong>scribere,</strong></span> <span class='ocrx_word' id='word_1_140' title='bbox 1353 1739 1468 1799; x_wconf 87' lang='lat' dir='ltr'><strong>quia</strong></span> <span class='ocrx_word' id='word_1_141' title='bbox 1504 1735 1691 1798; x_wconf 89' lang='lat' dir='ltr'><strong>effugi?</strong></span> 
     </span>
     <span class='ocr_line' id='line_1_20' title="bbox 193 1801 1690 1866; baseline 0.001 -18"><span class='ocrx_word' id='word_1_142' title='bbox 193 1802 317 1848; x_wconf 90' lang='lat' dir='ltr'><strong>Tam</strong></span> <span class='ocrx_word' id='word_1_143' title='bbox 342 1801 550 1849; x_wconf 85' lang='lat' dir='ltr'><strong>ridicule</strong></span> <span class='ocrx_word' id='word_1_144' title='bbox 575 1802 720 1860; x_wconf 86' lang='lat' dir='ltr'><strong>facio,</strong></span> <span class='ocrx_word' id='word_1_145' title='bbox 752 1806 791 1849; x_wconf 92' lang='lat' dir='ltr'><strong>si</strong></span> <span class='ocrx_word' id='word_1_146' title='bbox 830 1803 923 1849; x_wconf 93' lang='lat' dir='ltr'><strong>hoc</strong></span> <span class='ocrx_word' id='word_1_147' title='bbox 958 1803 1056 1850; x_wconf 91' lang='lat' dir='ltr'><strong>fine</strong></span> <span class='ocrx_word' id='word_1_148' title='bbox 1086 1807 1224 1866; x_wconf 87' lang='lat' dir='ltr'><strong>quasi</strong></span> <span class='ocrx_word' id='word_1_149' title='bbox 1260 1804 1391 1850; x_wconf 91' lang='lat' dir='ltr'><strong>bona</strong></span> <span class='ocrx_word' id='word_1_150' title='bbox 1414 1803 1690 1851; x_wconf 89' lang='lat' dir='ltr'><strong>valitudine</strong></span> 
     </span>
     <span class='ocr_line' id='line_1_21' title="bbox 193 1869 1689 1934; baseline 0 -18"><span class='ocrx_word' id='word_1_151' title='bbox 193 1869 435 1927; x_wconf 85' lang='lat' dir='ltr'><strong>delector,</strong></span> <span class='ocrx_word' id='word_1_152' title='bbox 472 1886 621 1933; x_wconf 90' lang='lat' dir='ltr'><strong>quam</strong></span> <span class='ocrx_word' id='word_1_153' title='bbox 662 1870 766 1928; x_wconf 88' lang='lat' dir='ltr'><strong>ille,</strong></span> <span class='ocrx_word' id='word_1_154' title='bbox 807 1874 1030 1934; x_wconf 88' lang='lat' dir='ltr'><strong>quisquis</strong></span> <span class='ocrx_word' id='word_1_155' title='bbox 1065 1873 1240 1918; x_wconf 92' lang='lat' dir='ltr'><strong>vicisse</strong></span> <span class='ocrx_word' id='word_1_156' title='bbox 1276 1887 1329 1917; x_wconf 91' lang='lat' dir='ltr'><strong>se</strong></span> <span class='ocrx_word' id='word_1_157' title='bbox 1371 1877 1533 1933; x_wconf 87' lang='lat' dir='ltr'><strong>putat,</strong></span> <span class='ocrx_word' id='word_1_158' title='bbox 1576 1887 1689 1917; x_wconf 90' lang='lat' dir='ltr'><strong>cum</strong></span> 
     </span>
     <span class='ocr_line' id='line_1_22' title="bbox 193 1937 1688 2000; baseline 0.001 -18"><span class='ocrx_word' id='word_1_159' title='bbox 193 1937 532 1983; x_wconf 85' lang='lat' dir='ltr'><strong>vadimonium</strong></span> <span class='ocrx_word' id='word_1_160' title='bbox 551 1937 760 1984; x_wconf 88' lang='lat' dir='ltr'><strong>distulit.</strong></span> <span class='ocrx_word' id='word_1_161' title='bbox 834 1938 944 2000; x_wconf 90' lang='lat' dir='ltr'><strong>Ego</strong></span> <span class='ocrx_word' id='word_1_162' title='bbox 962 1954 1079 1985; x_wconf 89' lang='lat' dir='ltr'><strong>vero</strong></span> <span class='ocrx_word' id='word_1_163' title='bbox 1101 1944 1155 1985; x_wconf 91' lang='lat' dir='ltr'><strong>et</strong></span> <span class='ocrx_word' id='word_1_164' title='bbox 1172 1941 1223 1984; x_wconf 91' lang='lat' dir='ltr'><strong>in</strong></span> <span class='ocrx_word' id='word_1_165' title='bbox 1243 1941 1350 2000; x_wconf 90' lang='lat' dir='ltr'><strong>ipsa</strong></span> <span class='ocrx_word' id='word_1_166' title='bbox 1369 1938 1688 1984; x_wconf 87' lang='lat' dir='ltr'><strong>suffocatione</strong></span> 
     </span>
     <span class='ocr_line' id='line_1_23' title="bbox 193 2004 1734 2068; baseline 0 -18"><span class='ocrx_word' id='word_1_167' title='bbox 193 2021 293 2050; x_wconf 92' lang='lat' dir='ltr'><strong>non</strong></span> <span class='ocrx_word' id='word_1_168' title='bbox 314 2004 440 2051; x_wconf 90' lang='lat' dir='ltr'><strong>desii</strong></span> <span class='ocrx_word' id='word_1_169' title='bbox 460 2005 847 2068; x_wconf 82' lang='lat' dir='ltr'><strong>cogitationibus</strong></span> <span class='ocrx_word' id='word_1_170' title='bbox 871 2005 1016 2053; x_wconf 90' lang='lat' dir='ltr'><strong>laetis</strong></span> <span class='ocrx_word' id='word_1_171' title='bbox 1039 2021 1098 2052; x_wconf 90' lang='lat' dir='ltr'><strong>ac</strong></span> <span class='ocrx_word' id='word_1_172' title='bbox 1122 2005 1332 2053; x_wconf 87' lang='lat' dir='ltr'><strong>fortibus</strong></span> <span class='ocrx_word' id='word_1_173' title='bbox 1350 2005 1686 2068; x_wconf 90' lang='lat' dir='ltr'><strong>adquiescere.</strong></span> <span class='ocrx_word' id='word_1_174' title='bbox 1732 2048 1734 2050; x_wconf 82' lang='grc'>.</span> 
     </span>
    </p>

    <p class='ocr_par' dir='ltr' id='par_1_8' title="bbox 147 2070 1687 2136">
     <span class='ocr_line' id='line_1_24' title="bbox 147 2070 1687 2136; baseline 0.001 -19"><span class='ocrx_word' id='word_1_175' title='bbox 147 2070 177 2117; x_wconf 84' lang='grc'>4</span> <span class='ocrx_word' id='word_1_176' title='bbox 282 2070 463 2130; x_wconf 84' lang='lat' dir='ltr'><strong>“Quid</strong></span> <span class='ocrx_word' id='word_1_177' title='bbox 508 2071 601 2119; x_wconf 92' lang='lat' dir='ltr'><strong>hoc</strong></span> <span class='ocrx_word' id='word_1_178' title='bbox 643 2072 799 2119; x_wconf 85' lang='lat' dir='ltr'><strong>est?”</strong></span> <span class='ocrx_word' id='word_1_179' title='bbox 841 2076 1058 2136; x_wconf 87' lang='lat' dir='ltr'><strong>inquam.</strong></span> <span class='ocrx_word' id='word_1_180' title='bbox 1149 2073 1319 2119; x_wconf 86' lang='lat' dir='ltr'><strong>“Tam</strong></span> <span class='ocrx_word' id='word_1_181' title='bbox 1360 2089 1510 2135; x_wconf 89' lang='lat' dir='ltr'><strong>saepe</strong></span> <span class='ocrx_word' id='word_1_182' title='bbox 1557 2089 1687 2119; x_wconf 89' lang='lat' dir='ltr'><strong>mors</strong></span> 
     </span>
    </p>
   </div>
   <div class='ocr_carea' id='block_1_6' title="bbox 423 2179 1409 2289">
    <p class='ocr_par' dir='ltr' id='par_1_9' title="bbox 423 2179 1409 2289">
     <span class='ocr_line' id='line_1_25' title="bbox 423 2179 1409 2234; baseline 0.004 -13"><span class='ocrx_word' id='word_1_183' title='bbox 423 2179 438 2204; x_wconf 84' lang='lat'>¹</span> <span class='ocrx_word' id='word_1_184' title='bbox 467 2185 747 2222; x_wconf 77' lang='lat' dir='ltr'><strong>commeatum</strong></span> <span class='ocrx_word' id='word_1_185' title='bbox 768 2180 976 2234; x_wconf 83' lang='lat' dir='ltr'><strong>Lipsius;</strong></span> <span class='ocrx_word' id='word_1_186' title='bbox 1005 2181 1255 2222; x_wconf 76' lang='lat' dir='ltr'><strong>comitatum</strong></span> <span class='ocrx_word' id='word_1_187' title='bbox 1275 2180 1409 2226; x_wconf 89' lang='lat' dir='ltr'><strong>MSS.</strong></span> 
     </span>
     <span class='ocr_line' id='line_1_26' title="bbox 597 2233 1288 2289; baseline 0.001 -14"><span class='ocrx_word' id='word_1_188' title='bbox 597 2234 615 2259; x_wconf 82' lang='lat'>²</span> <span class='ocrx_word' id='word_1_189' title='bbox 633 2235 773 2289; x_wconf 79' lang='lat' dir='ltr'><strong>faciet</strong></span> <span class='ocrx_word' id='word_1_190' title='bbox 792 2234 972 2288; x_wconf 91' lang='lat' dir='ltr'><strong>Lipsius</strong></span> <span class='ocrx_word' id='word_1_191' title='bbox 989 2250 1001 2284; x_wconf 88' lang='lat'><strong>;</strong></span> <span class='ocrx_word' id='word_1_192' title='bbox 1020 2235 1139 2289; x_wconf 82' lang='lat' dir='ltr'><strong>facit</strong></span> <span class='ocrx_word' id='word_1_193' title='bbox 1159 2233 1288 2277; x_wconf 93' lang='lat' dir='ltr'><strong>MSS.</strong></span> 
     </span>
    </p>
   </div>
   <div class='ocr_carea' id='block_1_7' title="bbox 258 2339 1683 2388">
    <p class='ocr_par' dir='ltr' id='par_1_10' title="bbox 258 2339 1683 2388">
     <span class='ocr_line' id='line_1_27' title="bbox 258 2339 1683 2388; baseline -0.001 -5"><span class='ocrx_word' id='word_1_194' title='bbox 258 2349 280 2368; x_wconf 77' lang='lat'><strong>‘⁸</strong></span> <span class='ocrx_word' id='word_1_195' title='bbox 306 2341 395 2388; x_wconf 79' lang='lat' dir='ltr'><strong>i.e.‚</strong></span> <span class='ocrx_word' id='word_1_196' title='bbox 431 2339 620 2383; x_wconf 86' lang='lat' dir='ltr'><strong>asthma.</strong></span> <span class='ocrx_word' id='word_1_197' title='bbox 682 2340 853 2383; x_wconf 88' lang='lat' dir='ltr'><strong>Seneca</strong></span> <span class='ocrx_word' id='word_1_198' title='bbox 886 2340 1040 2382; x_wconf 86' lang='lat' dir='ltr'><strong>thinks</strong></span> <span class='ocrx_word' id='word_1_199' title='bbox 1070 2341 1171 2383; x_wconf 89' lang='lat' dir='ltr'><strong>that</strong></span> <span class='ocrx_word' id='word_1_200' title='bbox 1207 2341 1286 2383; x_wconf 90' lang='lat' dir='ltr'><strong>the</strong></span> <span class='ocrx_word' id='word_1_201' title='bbox 1321 2340 1452 2382; x_wconf 85' lang='lat' dir='ltr'><strong>Latin</strong></span> <span class='ocrx_word' id='word_1_202' title='bbox 1485 2355 1616 2382; x_wconf 91' lang='lat' dir='ltr'><strong>name</strong></span> <span class='ocrx_word' id='word_1_203' title='bbox 1647 2342 1683 2382; x_wconf 90' lang='lat' dir='ltr'><strong>is</strong></span> 
     </span>
    </p>
   </div>
   <div class='ocr_carea' id='block_1_8' title="bbox 191 2395 1742 2503">
    <p class='ocr_par' dir='ltr' id='par_1_11' title="bbox 191 2395 1742 2503">
     <span class='ocr_line' id='line_1_28' title="bbox 191 2395 520 2449; baseline -0.003 -13"><span class='ocrx_word' id='word_1_204' title='bbox 191 2395 310 2449; x_wconf 91' lang='lat' dir='ltr'><strong>good</strong></span> <span class='ocrx_word' id='word_1_205' title='bbox 330 2395 520 2448; x_wconf 89' lang='lat' dir='ltr'><strong>enough.</strong></span> 
     </span>
     <span class='ocr_line' id='line_1_29' title="bbox 260 2449 1742 2503; baseline -0.001 -13"><span class='ocrx_word' id='word_1_206' title='bbox 260 2451 276 2476; x_wconf 62' lang='grc' dir='ltr'><strong>ὃ</strong></span> <span class='ocrx_word' id='word_1_207' title='bbox 305 2449 461 2491; x_wconf 92' lang='lat' dir='ltr'><strong>Celsus</strong></span> <span class='ocrx_word' id='word_1_208' title='bbox 481 2451 554 2500; x_wconf 90' lang='lat' dir='ltr'><strong>(iv.</strong></span> <span class='ocrx_word' id='word_1_209' title='bbox 580 2451 624 2502; x_wconf 88' lang='grc'><strong>8)</strong></span> <span class='ocrx_word' id='word_1_210' title='bbox 643 2452 767 2503; x_wconf 86' lang='lat' dir='ltr'><strong>gives</strong></span> <span class='ocrx_word' id='word_1_211' title='bbox 794 2449 883 2490; x_wconf 92' lang='lat' dir='ltr'><strong>this</strong></span> <span class='ocrx_word' id='word_1_212' title='bbox 910 2450 1084 2491; x_wconf 91' lang='lat' dir='ltr'><strong>disease</strong></span> <span class='ocrx_word' id='word_1_213' title='bbox 1109 2463 1159 2491; x_wconf 90' lang='lat' dir='ltr'><strong>as</strong></span> <span class='ocrx_word' id='word_1_214' title='bbox 1187 2449 1266 2491; x_wconf 87' lang='lat' dir='ltr'><strong>the</strong></span> <span class='ocrx_word' id='word_1_215' title='bbox 1292 2449 1457 2491; x_wconf 91' lang='lat' dir='ltr'><strong>second</strong></span> <span class='ocrx_word' id='word_1_216' title='bbox 1483 2449 1536 2490; x_wconf 92' lang='lat' dir='ltr'><strong>of</strong></span> <span class='ocrx_word' id='word_1_217' title='bbox 1555 2449 1682 2490; x_wconf 88' lang='lat' dir='ltr'><strong>those</strong></span> <span class='ocrx_word' id='word_1_218' title='bbox 1741 2455 1742 2483; x_wconf 68' lang='lat'>1</span> 
     </span>
    </p>
   </div>
   <div class='ocr_carea' id='block_1_9' title="bbox 191 2503 1715 2612">
    <p class='ocr_par' dir='ltr' id='par_1_12' title="bbox 191 2503 1715 2612">
     <span class='ocr_line' id='line_1_30' title="bbox 192 2503 1715 2557; baseline 0 -13"><span class='ocrx_word' id='word_1_219' title='bbox 192 2503 335 2545; x_wconf 90' lang='lat' dir='ltr'><strong>which</strong></span> <span class='ocrx_word' id='word_1_220' title='bbox 357 2503 455 2544; x_wconf 91' lang='lat' dir='ltr'><strong>deal</strong></span> <span class='ocrx_word' id='word_1_221' title='bbox 477 2504 580 2544; x_wconf 90' lang='lat' dir='ltr'><strong>with</strong></span> <span class='ocrx_word' id='word_1_222' title='bbox 597 2504 674 2544; x_wconf 92' lang='lat' dir='ltr'><strong>the</strong></span> <span class='ocrx_word' id='word_1_223' title='bbox 695 2506 963 2557; x_wconf 85' lang='lat' dir='ltr'><strong>respiratory</strong></span> <span class='ocrx_word' id='word_1_224' title='bbox 978 2517 1140 2557; x_wconf 87' lang='lat' dir='ltr'><strong>organs</strong></span> <span class='ocrx_word' id='word_1_225' title='bbox 1159 2521 1169 2545; x_wconf 76' lang='grc' dir='ltr'><strong><em>ε</em></strong></span> <span class='ocrx_word' id='word_1_226' title='bbox 1199 2518 1295 2545; x_wconf 83' lang='lat' dir='ltr'><strong>cum</strong></span> <span class='ocrx_word' id='word_1_227' title='bbox 1308 2504 1589 2546; x_wconf 76' lang='lat' dir='ltr'><strong>vehementior</strong></span> <span class='ocrx_word' id='word_1_228' title='bbox 1607 2509 1680 2550; x_wconf 73' lang='lat' dir='ltr'><strong>est,</strong></span> <span class='ocrx_word' id='word_1_229' title='bbox 1711 2525 1715 2528; x_wconf 92' lang='lat'>·</span> 
     </span>
     <span class='ocr_line' id='line_1_31' title="bbox 191 2558 1425 2612; baseline 0.001 -14"><span class='ocrx_word' id='word_1_230' title='bbox 191 2564 241 2599; x_wconf 81' lang='lat' dir='ltr'><strong>ut</strong></span> <span class='ocrx_word' id='word_1_231' title='bbox 259 2559 429 2611; x_wconf 72' lang='lat' dir='ltr'><strong>spirare</strong></span> <span class='ocrx_word' id='word_1_232' title='bbox 448 2571 573 2612; x_wconf 74' lang='lat' dir='ltr'><strong>aeye‘r</strong></span> <span class='ocrx_word' id='word_1_233' title='bbox 591 2558 681 2599; x_wconf 66' lang='lat' dir='ltr'><strong>sine</strong></span> <span class='ocrx_word' id='word_1_234' title='bbox 699 2572 803 2599; x_wconf 73' lang='lat' dir='ltr'><strong>sono</strong></span> <span class='ocrx_word' id='word_1_235' title='bbox 823 2563 863 2599; x_wconf 80' lang='lat' dir='ltr'><strong>et</strong></span> <span class='ocrx_word' id='word_1_236' title='bbox 881 2558 1153 2599; x_wconf 75' lang='lat' dir='ltr'><strong>anhelatione</strong></span> <span class='ocrx_word' id='word_1_237' title='bbox 1172 2572 1260 2599; x_wconf 80' lang='lat' dir='ltr'><strong>non</strong></span> <span class='ocrx_word' id='word_1_238' title='bbox 1275 2558 1425 2612; x_wconf 73' lang='lat' dir='ltr'><strong>possit.</strong></span> 
     </span>
    </p>
   </div>
   <div class='ocr_carea' id='block_1_10' title="bbox 194 2622 1740 2716">
    <p class='ocr_par' dir='ltr' id='par_1_13' title="bbox 194 2622 1740 2716">
     <span class='ocr_line' id='line_1_32' title="bbox 194 2622 1740 2716; baseline 0.002 -45"><span class='ocrx_word' id='word_1_239' title='bbox 194 2622 291 2671; x_wconf 85' lang='lat'><strong>360</strong></span> <span class='ocrx_word' id='word_1_240' title='bbox 1212 2637 1217 2642; x_wconf 83' lang='lat'>&#39;</span> <span class='ocrx_word' id='word_1_241' title='bbox 1506 2634 1509 2637; x_wconf 81' lang='grc'><strong>’</strong></span> <span class='ocrx_word' id='word_1_242' title='bbox 1709 2668 1714 2674; x_wconf 81' lang='lat'><strong>.</strong></span> <span class='ocrx_word' id='word_1_243' title='bbox 1737 2651 1740 2716; x_wconf 54' lang='grc'>1</span> 
     </span>
    </p>
   </div>
   <div class='ocr_carea' id='block_1_11' title="bbox 1733 2717 1742 2872">
    <p class='ocr_par' dir='ltr' id='par_1_14' title="bbox 1733 2715 1742 2872">
     <span class='ocr_line' id='line_1_33' title="bbox 1733 2717 1742 2872; baseline 0 0"><span class='ocrx_word' id='word_1_244' title='bbox 1733 2717 1742 2872; x_wconf 63' lang='lat' dir='ltr'>fl</span> 
     </span>
    </p>
   </div>
   <div class='ocr_carea' id='block_1_12' title="bbox 1738 2495 1742 2643">
    <p class='ocr_par' dir='ltr' id='par_1_15' title="bbox 1738 2495 1742 2643">
     <span class='ocr_line' id='line_1_34' title="bbox 1738 2495 1742 2643; baseline 0 229"><span class='ocrx_word' id='word_1_245' title='bbox 1738 2495 1742 2643; x_wconf 95' lang='lat' dir='ltr'><strong> </strong></span> 
     </span>
    </p>
   </div>
  </div>
 </body>
</html>
