1742 2872
135 637 164 685 3

136 1403 165 1450 4

135 2361 164 2406 5

471 143 618 189 ΤΗΕ
654 141 975 189 EPISTLES
1013 141 1102 188 OF
1138 140 1405 188 SENECA

166 257 239 315 =in
265 253 410 300 senili
435 269 639 315 corpore
675 253 991 315 aliquatenus
1026 251 1327 302 inbecillitas
1364 253 1598 296 sustineri
1634 256 1688 297 et

189 349 350 396 fulciri
376 354 558 411 potest.
634 348 735 394 Ubi
760 354 1014 410 tamquam
1040 350 1093 393 in
1118 349 1252 408 putri
1276 345 1501 392 aedificio
1527 349 1687 393 omnis

190 448 419 492 ‘unctura
459 444 730 501 diducitur,
773 450 827 490 et
873 443 993 490 dum
1035 442 1131 488 alia
1172 446 1433 504 excipitur,
1475 442 1572 488 alia
1612 441 1688 488 di-

187 541 448 598 scinditur,
474 539 973 602 circumspiciendum
1002 545 1095 596 est,
1120 539 1372 601 quomodo
1397 555 1557 586 exeas.

270 637 449 683 Bassus
497 643 671 683 tamen
722 642 895 683 noster
951 635 1115 681 alacer
1171 637 1337 680 animo
1385 640 1475 681 est,
1575 635 1687 682 Hoc

185 731 501 795 philosophia
533 737 771 794 praestat,
796 734 850 777 in
883 736 1157 793 conspectu
1189 733 1363 776 mortis
1392 729 1602 776 hilarem
1635 736 1688 777 et

183 831 237 874 in
261 844 577 891 quocumque
611 830 828 890 corporis
851 826 1028 873 habitu
1054 825 1237 872 fortem
1270 826 1560 888 laetumque
1593 841 1687 872 nec

183 923 520 982 deficientem,
541 927 766 987 quamvis
790 923 1064 970 deficiatur.
1142 922 1356 985 Magnus
1381 923 1688 984 gubernator

184 1025 238 1066 et
273 1023 422 1066 scisso
458 1023 662 1081 navigat
697 1019 827 1077 velo,
863 1025 932 1076 et,
964 1022 1004 1065 si
1040 1022 1330 1076 exarmavit,
1367 1025 1538 1065 tamen
1573 1017 1686 1064 reli-

183 1119 323 1178 quias
364 1119 549 1178 navigii
587 1121 730 1178 aptat
776 1115 841 1162 ad
888 1131 1101 1162 cursum.
1179 1114 1292 1161 Hoc
1339 1114 1459 1161 facit
1509 1114 1686 1161 Bassus

185 1217 355 1258 noster
378 1217 432 1258 et
456 1228 516 1259 eo
541 1214 707 1257 animo
732 1210 976 1274 vultuque
1001 1210 1153 1258 finem
1182 1227 1327 1258 suum
1351 1216 1563 1273 spectat,
1588 1226 1686 1273 quo

184 1306 405 1353 alienum
430 1313 657 1369 spectare
684 1309 830 1353 nimis
856 1310 1016 1353 securi
1042 1313 1258 1369 putares,

271 1402 458 1464 Magna
481 1418 560 1449 res
596 1409 690 1460 est,
716 1401 894 1460 Lucili,
920 1402 1045 1450 haec
1081 1409 1134 1450 et
1170 1403 1255 1450 diu
1281 1403 1534 1461 discenda,
1571 1419 1685 1449 cum
1730 1404 1742 1463 {s

182 1498 426 1545 adventat
468 1498 589 1544 hora
628 1498 713 1544 illa
759 1499 1078 1557 inevitabiliS,
1118 1516 1279 1562 aequo
1325 1502 1492 1546 animo
1532 1499 1682 1549 abire.
1727 1502 1733 1557 ξ

186 1593 299 1639 Alia
333 1610 521 1656 genera
544 1597 717 1640 mortis
742 1597 849 1657 spei
882 1598 1039 1641 mixta
1063 1601 1210 1642 sunt:
1247 1587 1433 1643 desinit
1468 1596 1684 1652 morbus,
1726 1599 1729 1601 ’

182 1689 473 1736 incendium
499 1693 828 1752 extinguitur,
858 1694 1000 1737 ruina
1034 1707 1158 1754 quos
1183 1692 1448 1739 videbatur
1482 1707 1684 1754 oppres-

184 1801 297 1832 sura
336 1786 600 1848 deposuit;
649 1803 785 1833 mare
827 1803 950 1849 quos
987 1787 1236 1846 hauserat,
1273 1788 1450 1835 eadem
1485 1791 1550 1845 vi,
1588 1804 1685 1850 qua

185 1882 434 1939 sorbebat,
478 1886 627 1929 eiecit
662 1883 968 1940 incolumes3
1027 1884 1251 1947 gladium
1288 1884 1433 1930 miles
1474 1884 1537 1930 ab
1578 1886 1685 1945 ipsa

184 1981 392 2040 perituri
429 1981 621 2024 cervice
668 1982 931 2025 revocavit.
1007 1979 1093 2026 Nil
1134 1979 1289 2027 habet
1329 1979 1462 2043 quod
1499 1984 1683 2041 speret,

184 2088 334 2135 quem
360 2079 594 2120 senectus
618 2073 758 2120 ducit
782 2073 845 2120 ad
871 2081 1097 2122 mortem.
1174 2076 1309 2122 Huic
1327 2079 1415 2122 uni
1438 2074 1684 2121 intercedi
1741 2127 1742 2133 ἵ

183 2185 285 2215 non
309 2175 491 2231 potest.
566 2169 718 2216 Nullo
737 2186 924 2232 genere
947 2171 1172 2218 homines
1192 2172 1389 2219 mollius
1410 2176 1713 2247 moriuntur}

1699 2251 1713 2273 -4

184 2263 272 2310 sed
298 2281 392 2311 nec
417 2265 618 2311 diutius.

269 2360 446 2407 Bassus
482 2367 653 2408 noster
676 2361 940 2408 videbatur
975 2362 1097 2409 mihi
1134 2367 1364 2427 prosequi
1389 2380 1442 2410 se
1478 2370 1533 2410 et
1567 2381 1682 2410 con-

451 2550 473 2570 ¹¹
500 2543 583 2592 ote„
606 2557 725 2584 exeas
744 2557 764 2584 e
783 2546 888 2593 vata,
913 2550 944 2568 ‘⁶
957 2545 1117 2598 depart
1136 2546 1251 2588 from
1271 2545 1391 2589 life.''

187 2614 242 2654 21
254 2614 284 2656 2
