1742 2872
461 150 605 197 THE
641 150 961 198 EPISTLES
1000 151 1090 199 OF
1125 151 1392 199 SENECA
1737 43 1742 192 1

146 265 527 322 κρει·ειιῐῑιεεῐιῒιηη
575 266 669 318 est,
706 261 1098 323 verendumque,
1134 278 1201 308 ne
1236 266 1289 308 in
1326 268 1673 325 contemptum

179 356 268 387 nos
296 340 512 387 invidiae
530 341 546 370 1
577 345 726 387 timor
760 341 1029 388 transferat
1061 359 1126 388 ne
1159 343 1280 388 dum
1312 343 1501 389 calcare
1530 344 1673 390 nolu-

179 438 304 479 mus,
330 422 587 468 videamur
609 439 753 484 posse
779 422 969 469 calcari.
1045 423 1221 470 Multis
1253 424 1467 470 timendi
1501 425 1675 472 attulit

179 519 349 549 causas
377 506 544 550 timeri
573 520 731 565 posse.
807 503 1045 566 Undique
1075 521 1164 550 nos
1201 505 1527 561 reducamus3
1574 522 1676 552 non

176 588 341 630 minus
367 588 623 630 contemni
647 601 798 647 quam
823 588 1005 647 suspici
1030 591 1193 631 nocet.

94 665 148 712 11
263 665 345 711 Ad
392 665 757 727 philosophiam
804 682 923 728 ergo
971 666 1363 728 confugiendum
1411 672 1518 722 est;
1582 666 1676 714 hae
1739 718 1742 731 ἑ

175 747 393 804 litterae,
417 762 519 792 non
553 746 666 793 dico
698 747 831 808 apud
867 747 1039 804 bonos,
1065 746 1154 793 sed
1185 747 1320 809 apud
1358 747 1677 794 mediocriter
1740 735 1742 745 Ι

175 827 347 885 malos,
367 826 638 873 infularum
658 827 767 873 loco
793 834 923 874 sunt.
1006 829 1135 873 Nam
1153 827 1361 874 forensis
1387 828 1676 891 eloquentia

177 914 231 955 et
288 924 634 971 quaecumque
687 909 785 954 alia
843 909 1084 971 populum
1137 916 1324 967 movet,
1372 909 1675 956 adversarios

176 988 361 1046 habet3
413 989 539 1036 haec
586 993 758 1052 quieta
806 996 859 1036 et
901 993 975 1036 sui
1024 994 1216 1052 negotii
1272 994 1529 1037 contemni
1574 1007 1677 1036 non

175 1077 361 1134 potest,
387 1074 466 1117 cui
499 1071 562 1116 ab
597 1071 828 1117 omnibus
860 1071 1050 1117 artibus
1081 1075 1234 1117 etiam
1263 1071 1398 1133 apud
1438 1075 1676 1133 pessimos

175 1152 334 1198 honor
349 1158 439 1198 est.
512 1151 799 1214 Numquam
815 1155 867 1198 in
883 1157 1083 1198 tantum
1098 1152 1413 1199 convalescet
1436 1155 1677 1223 nequitia,

175 1250 450 1296 numquam
491 1236 559 1279 sic
601 1239 775 1279 contra
814 1236 1027 1280 virtutes
1068 1234 1423 1291 coniurabitur,
1465 1239 1522 1280 ut
1575 1251 1679 1281 non

177 1313 521 1378 philosophiae
545 1330 731 1360 nomen
755 1313 1041 1360 venerabile
1067 1320 1121 1361 et
1145 1330 1337 1361 sacrum
1361 1321 1577 1362 maneat.

261 1390 499 1442 Ceterum
537 1394 854 1457 philosophia
891 1398 998 1457 ipsa
1033 1395 1304 1458 tranquille
1347 1395 1677 1459 modesteque

93 1473 154 1520 12
175 1476 437 1524 tractanda
465 1482 556 1524 est.
636 1476 820 1534 “Quid
846 1493 966 1539 ergo
983 1478 1002 1522 ?
1020 1475 1047 1492 '’
1085 1480 1267 1539 inquis,
1292 1481 1323 1503 “
1339 1476 1553 1523 Videtur
1583 1478 1677 1524 tibi

181 1560 248 1605 M.
311 1558 434 1604 Cato
481 1557 731 1605 modeste·
757 1557 1113 1620 philosophari,
1161 1561 1246 1620 qui
1294 1557 1485 1604 bellum
1532 1559 1675 1606 civile
1711 1550 1715 1554 ’

176 1643 431 1688 sententia
455 1641 717 1702 reprimit?
791 1638 894 1698 Qui
918 1638 1195 1686 furentium
1224 1642 1506 1701 principum
1528 1643 1676 1686 armis

177 1721 371 1768 medius
417 1721 729 1767 intervenit?
807 1718 909 1776 Qui
944 1719 1051 1766 aliis
1089 1719 1384 1781 Pompeium
1418 1719 1676 1767 offenden-

93 1810 153 1856 13
176 1803 310 1849 tibus
356 1802 464 1848 aliis
501 1801 762 1848 Caesarem
798 1800 945 1847 simul
979 1800 1179 1847 lacessit
1213 1800 1419 1847 duos?”
1504 1800 1676 1848 Potest

176 1884 353 1946 aliquis
389 1882 644 1944 disputare
680 1898 745 1928 an
780 1881 867 1927 illo
908 1888 1136 1943 tempore
1175 1881 1481 1943 capessenda
1522 1881 1675 1929 fuerit

175 1967 391 2027 sapienti
426 1980 506 2010 res
541 1963 753 2025 publica.
835 1961 1019 2020 “Quid
1055 1962 1149 2008 tibi
1174 1965 1262 2020 vis,
1299 1962 1470 2008 Marce
1507 1962 1630 2009 Cato
1657 1965 1676 2010 ?

179 2046 286 2092 Iam
321 2062 423 2092 non
458 2049 625 2107 agitur
660 2044 724 2090 de
760 2044 1030 2100 libertate;
1066 2042 1185 2089 olim
1220 2043 1544 2105 pessumdata
1579 2050 1669 2090 est.

179 2127 466 2184 Quaeritur,
491 2131 658 2172 utrum
685 2125 865 2172 Caesar
887 2142 950 2170 an
986 2124 1252 2186 Pompeius
1283 2124 1537 2186 possideat
1569 2141 1672 2171 rem

177 2209 462 2272 publicam3
497 2206 619 2270 quid
642 2207 736 2253 tibi
771 2223 884 2252 cum
919 2210 1015 2252 ista
1050 2207 1416 2252 contentione?
1492 2205 1673 2252 Nullae

486 2293 500 2318 ¹
528 2293 718 2335 invidiae
738 2292 971 2339 Muretus;
999 2292 1168 2333 invidia
1186 2296 1225 2332 et
1246 2289 1375 2332 MSS.

246 2389 266 2407 α
297 2379 364 2434 Cf.
402 2379 480 2420 the
512 2379 701 2432 proverb
734 2392 891 2419 necesse
924 2383 984 2419 est
1015 2378 1174 2418 multos
1206 2377 1353 2418 timeat
1387 2390 1508 2429 quem
1546 2377 1673 2417 multi
1735 2411 1742 2426 ,Ἰ

180 2435 345 2480 timent,
367 2433 511 2474 which
535 2435 573 2473 is
593 2432 733 2473 found
762 2434 807 2472 in
828 2431 1014 2479 Seneca,
1037 2433 1087 2473 de
1106 2431 1200 2479 Ira,
1222 2432 1264 2472 ii.
1295 2433 1357 2471 11.
1383 2435 1409 2470 4·
1434 2429 1521 2471 and
1547 2431 1669 2471 often
1731 2429 1737 2483 1¹

180 2487 431 2530 elsewhere.

246 2544 262 2568 ⁶
292 2541 520 2594 Litemlly,
546 2547 575 2563 ‘⁶
593 2542 630 2581 is
658 2553 708 2581 as
727 2540 847 2593 good
865 2552 916 2580 as
936 2553 963 2579 a
982 2539 1193 2592 (priest's)
1213 2537 1369 2581 fillet.”

179 2613 245 2663 90
