1742 2872
479 136 626 183 THE
664 135 984 182 EPISTLES
1023 135 1111 182 OF
1147 135 1413 182 SENECA

163 247 357 294 ‘'volof'
432 246 589 293 Simul
610 251 663 292 et
682 262 799 307 para
814 251 868 291 et
883 245 901 274 1
921 245 1057 291 disce
1075 262 1086 302 3
1124 248 1162 290 si
1188 245 1309 307 quid
1328 251 1380 291 te
1407 251 1545 291 vetat
1563 246 1693 293 bene

148 351 176 398 6
201 345 383 399 vivere,
424 341 556 387 bene
598 342 722 386 mori
762 356 865 385 non
907 345 1058 386 vetat.
1151 339 1267 385 Non
1308 345 1385 386 est
1431 340 1565 402 quod
1605 357 1694 387 nos

200 442 467 500 paupertas
502 453 532 481 a
566 434 883 498 philosophia
916 441 1135 493 revocet,
1160 452 1226 482 ne
1251 441 1448 497 egestas
1474 436 1691 498 quidem.

199 531 479 579 Toleranda
504 537 581 578 est
614 533 749 578 enim
781 530 846 577 ad
881 530 976 576 hoc
1012 531 1394 593 properantibus
1419 531 1498 578 vel
1523 531 1692 581 fames.

200 628 366 687 Quam
406 626 685 674 toleravere
725 625 928 688 quidam
969 628 1023 671 in
1064 626 1421 684 obsidionibus,
1464 633 1518 673 et
1562 629 1696 690 quod
1736 664 1742 676 .

198 723 335 770 aliud
360 729 467 770 erat
490 722 588 768 illis
611 725 887 784 patientiae
906 724 1181 783 praemium
1201 739 1350 784 quam
1368 726 1421 769 in
1439 724 1697 772 arbitrium

199 836 302 866 non
321 819 500 866 cadere
519 818 753 865 victoris?
814 816 1018 875 Quanto
1036 817 1119 864 hic
1134 818 1153 848 ²
1171 821 1329 865 maius
1346 825 1422 865 est
1438 820 1572 882 quod
1587 838 1696 884 pro-
1740 862 1742 867 .

201 919 449 962 mittitur:
487 921 732 977 perpetua
757 914 984 974 libertas.
1004 913 1188 960 nullius
1224 931 1319 961 nec
1354 915 1568 962 hominis
1603 934 1698 964 nec

201 1011 283 1058 dei
303 1015 463 1058 timor.
527 1011 594 1057 Et
613 1009 818 1073 quidem
837 1009 918 1056 vel
938 1012 1178 1056 esurienti
1197 1009 1262 1056 ad
1279 1012 1375 1056 ista
1394 1011 1698 1058 veniendum

148 1118 176 1168 7
202 1113 292 1154 est.
368 1106 594 1168 Perpessi
618 1111 735 1152 sunt
760 1108 1009 1152 exercitus
1032 1108 1251 1168 inopiam
1270 1109 1489 1152 omnium
1516 1123 1697 1165 rerum,

202 1206 433 1250 vixerunt
457 1201 723 1248 herbarum
755 1199 1004 1248 radicibus
1036 1207 1091 1248 et
1122 1201 1261 1248 dictu
1286 1201 1446 1248 foedis
1472 1202 1698 1251 tulerunt

200 1300 398 1346 famem.
464 1299 607 1346 Haec
626 1302 792 1346 omnia
816 1302 946 1361 passi
971 1304 1088 1345 sunt
1112 1315 1201 1362 pro
1225 1315 1398 1361 regno,
1417 1315 1516 1362 quo
1541 1305 1698 1364 magis

201 1399 409 1453 mireris,
428 1395 604 1442 alieno.
682 1391 949 1441 Dubitabit
973 1395 1151 1458 aliquis
1175 1394 1305 1442 ferre
1331 1401 1698 1457 paupertatem,

200 1497 258 1538 ut
283 1495 505 1538 animum
530 1491 777 1538 furoribus
801 1491 1019 1538 liberet?

287 1587 403 1657 Non
428 1593 507 1634 est
539 1603 659 1650 ergo
690 1591 825 1650 prius
850 1586 1246 1649 adquirendum3
1282 1587 1403 1634 licet
1437 1587 1503 1634 ad
1537 1587 1698 1650 philo-

71 1747 73 1749 ι
100 1669 104 1672 .
146 1703 176 1750 8
201 1682 426 1745 sophiam
453 1685 606 1729 etiam
624 1686 731 1729 sine
758 1685 936 1728 viatico
962 1685 1237 1744 pervenire.
1316 1681 1395 1728 Ita
1420 1688 1510 1730 est.
1574 1683 1698 1730 Cum

200 1781 366 1825 omnia
410 1777 658 1835 habueris,
701 1784 823 1824 tunc
864 1777 1050 1824 habere
1093 1783 1147 1824 et
1188 1781 1485 1840 sapientiam
1528 1778 1700 1827 voles?

204 1874 348 1920 Haec
391 1877 486 1920 erit
527 1873 762 1919 ultimum
805 1877 937 1920 vitae
979 1877 1371 1920 instrumentum
1414 1880 1483 1931 et,
1525 1880 1582 1920 ut
1628 1878 1698 1922 ita

201 1969 380 2026 dicam,
404 1968 843 2015 additamentum?
914 1969 991 2015 Tu
1017 1985 1149 2027 vero,
1174 1972 1276 2016 sive
1309 1970 1497 2032 aliquid
1528 1970 1697 2029 habes,

201 2068 299 2111 iam
347 2065 920 2127 philosophare,-—unde
963 2069 1098 2112 enim
1145 2059 1254 2122 seis,
1295 2082 1361 2112 an
1407 2069 1505 2112 iam
1552 2069 1672 2111 nimi

201 2160 385 2207 habeas
401 2161 594 2207 ?—sive
635 2160 779 2218 nihil,
822 2160 916 2207 hoc
957 2163 1092 2223 prius
1134 2176 1318 2223 quaere
1365 2178 1514 2223 quam
1562 2167 1676 2226 quic

147 2275 176 2322 9
201 2273 363 2320 quam.
438 2256 557 2303 “At
597 2259 876 2303 necessaria
916 2255 1180 2302 deerunt.”
1257 2256 1476 2302 Primum
1523 2257 1667 2304 deess

199 2369 301 2398 non
342 2357 598 2415 poterunt,
634 2343 750 2414 quia
791 2357 967 2397 natura
1006 2355 1267 2397 minimum
1308 2356 1455 2414 petit,
1490 2358 1669 2398 natura

267 2473 282 2498 ¹
305 2487 426 2527 para
443 2479 482 2515 et
504 2472 717 2526 Madvig;
746 2487 907 2527 parare
927 2473 1087 2522 MSS.;
1117 2479 1156 2514 et
1176 2479 1214 2514 te
1265 2488 1395 2515 arare
1416 2474 1583 2518 Haase.

647 2527 665 2552 ²
692 2527 759 2568 hic
779 2526 992 2580 Madvig3
1021 2528 1097 2568 hoc
1118 2526 1200 2568 MS
1238 2560 1247 2570 .

204 2599 297 2640 112
