1742 2872
451 171 596 219 THE
633 171 952 222 EPISTLES
989 173 1079 222 OF
1114 173 1380 223 SENECA

156 287 336 343 partes
360 288 478 329 tuae
504 290 622 330 sunt
643 299 654 339 ;
691 283 922 330 dominus
942 284 1157 346 eligitur.
1230 284 1367 342 Quid
1387 290 1490 342 tua,
1510 290 1625 331 uter
1639 283 1656 314 ¹

169 358 373 402 vincat?
442 356 616 404 Potest
638 357 816 403 melior
838 361 1055 415 vincere,
1074 375 1176 404 non
1201 364 1371 420 potest
1395 374 1496 403 non
1520 361 1661 420 peior

170 445 295 487 esse,
343 433 427 493 qui
475 431 697 477 vicerit.'’
772 431 989 478 Ultimas
1031 438 1198 494 partes
1244 435 1390 493 attigi
1441 432 1654 494 Catonis.

169 501 270 549 Sed
305 520 370 549 ne
406 507 592 565 priores
628 504 833 567 quidem
867 509 986 551 anni
1018 505 1223 552 fuerunt
1258 509 1341 568 qui
1379 509 1658 567 sapientem

167 579 220 622 in
267 577 404 622 illam
451 581 675 640 rapinam
720 582 792 625 rei
840 579 1069 640 publicae
1117 579 1446 625 admitterent
1467 595 1479 635 ;
1537 578 1659 641 quid

165 650 302 697 aliud
327 667 477 714 quam
501 650 799 698 vociferatus
825 659 903 699 est
927 653 1050 699 Cato
1076 658 1129 699 et
1151 656 1288 699 misit
1311 655 1472 699 irritas
1496 669 1658 710 voces,
1736 693 1742 716 4

165 740 280 770 cum
327 724 476 771 modo
534 742 625 788 per
671 725 841 788 populi
889 726 1081 772 levatus
1127 743 1303 772 manus
1352 732 1405 772 et
1452 726 1658 772 obrutus

166 801 326 860 sputis
355 799 694 861 exportandus
710 799 729 829 2
765 806 907 846 extra
931 799 1093 846 forum
1117 799 1419 858 traheretur,
1444 799 1592 846 modo
1629 815 1658 846 e

165 878 343 918 senatu
369 876 421 918 in
446 889 693 920 carcerem
720 873 1026 920 duceretur?

86 963 146 1011 14
251 945 352 992 Sed
410 953 585 1009 postea
641 947 936 1005 videbimus,
993 964 1058 993 an
1117 950 1331 1009 sapienti
1389 963 1540 1009 opera
1586 950 1657 993 rei

166 1019 396 1081 publicae
421 1020 586 1067 danda
610 1024 676 1067 sit
694 1020 743 1077 33
778 1024 980 1068 interim
1013 1021 1076 1067 ad
1102 1020 1191 1068 hos
1217 1027 1270 1067 te
1303 1020 1495 1067 Stoicos
1519 1037 1657 1078 voco,

164 1097 251 1156 qui
269 1111 298 1139 a
315 1110 368 1140 re
388 1094 587 1156 publica
605 1094 793 1142 exclusi
809 1101 1122 1142 secesserunt
1140 1095 1204 1141 ad
1223 1094 1484 1141 colendam
1504 1097 1657 1140 vitam

165 1173 218 1213 et
243 1166 462 1214 humano
486 1172 661 1231 generi
685 1172 791 1214 iura
815 1168 1079 1215 condenda
1103 1171 1209 1215 sine
1235 1168 1337 1214 ulla
1361 1171 1657 1230 potentioris

164 1241 362 1288 offensa.
438 1241 552 1288 Non
606 1242 926 1289 conturbabit
977 1245 1175 1304 sapiens
1222 1242 1447 1304 publicos
1494 1257 1657 1288 mores

164 1331 259 1362 nec
284 1315 525 1378 populum
549 1319 602 1362 in
627 1333 679 1363 se
704 1319 838 1363 vitae
863 1319 1088 1363 novitate
1114 1322 1388 1362 convertet.

82 1412 144 1459 15
247 1393 280 1416 “
295 1388 433 1447 Quid
457 1392 616 1452 ergo?
687 1389 876 1453 Utique
903 1393 998 1437 erit
1025 1396 1183 1448 tutus,
1208 1393 1293 1452 qui
1317 1389 1411 1435 hoc
1435 1392 1655 1452 proposi-

162 1468 272 1509 tum
331 1469 569 1526 sequetur
586 1465 605 1510 ?
620 1463 646 1479 ’⁹
722 1463 1021 1511 Promittere
1069 1464 1162 1510 tibi
1207 1463 1302 1510 hoc
1349 1479 1451 1510 non
1496 1467 1655 1526 magis

162 1553 364 1599 possum
387 1553 538 1600 quam
562 1541 611 1583 in
638 1537 842 1584 homine
877 1540 1180 1600 temperanti
1217 1537 1400 1584 bonam
1423 1537 1655 1583 valitudi-

162 1627 297 1668 nem,
314 1616 368 1657 et
391 1617 563 1658 tamen
588 1611 710 1658 facit
744 1614 1080 1674 temperantia
1104 1611 1285 1658 bonam
1310 1610 1650 1658 valitudinem.

165 1684 301 1731 Perit
324 1684 490 1748 aliqua
514 1688 652 1731 navis
676 1689 729 1731 in
765 1691 912 1747 portu
930 1701 942 1741 ;
980 1685 1069 1732 sed
1105 1685 1226 1748 quid
1261 1691 1319 1732 tu
1351 1684 1577 1731 accidere
1601 1688 1654 1730 in

110 1762 116 1766 '
160 1758 329 1805 medio
352 1762 475 1804 mari
495 1758 654 1805 credis
676 1760 695 1805 ?
764 1759 969 1817 Quanto
993 1758 1109 1805 huic
1134 1757 1411 1821 periculum
1434 1761 1654 1821 paratius

160 1831 292 1878 foret
317 1832 475 1878 multa
499 1835 673 1895 agenti
695 1832 1041 1895 molientique‚
1067 1835 1147 1878 cui
1175 1848 1239 1879 ne
1265 1834 1422 1878 otium
1448 1831 1652 1894 quidem

162 1911 331 1952 tutum
378 1907 490 1952 est?
566 1906 786 1953 Pereunt
831 1906 1101 1970 aliquando
1158 1909 1456 1952 innocentes
1478 1921 1489 1961 ;
1542 1908 1651 1967 quis

161 1980 355 2042 negat?
427 1979 682 2026 Nocentes
717 1986 889 2027 tamen
936 1983 1145 2042 saepius,
1219 1979 1315 2026 Ars
1351 1982 1398 2025 ei
1439 1985 1651 2035 constat,

79 2069 138 2116 16
162 2057 246 2116 qui
267 2069 357 2115 per
373 2059 668 2100 ornamenta
685 2069 946 2116 percussus
971 2060 1061 2100 est.
1136 2052 1370 2115 Denique
1391 2052 1651 2099 consilium

232 2150 246 2175 ¹
277 2156 369 2198 tua,
389 2155 487 2191 uter
507 2149 686 2203 Lipsius
704 2166 716 2197 ς
746 2155 794 2191 tu
812 2151 924 2192 alter
943 2149 1074 2192 MSS.

231 2204 251 2230 2
277 2205 570 2267 exportandus
591 2204 828 2245 Pincianus
845 2221 857 2253 ;
886 2209 925 2245 et
942 2204 1188 2267 portandus
1208 2202 1339 2266 MSS.
1477 2257 1486 2266 .

231 2258 248 2283 ³
275 2273 336 2299 an
363 2259 550 2312 sapienti
582 2272 714 2312 opera
742 2259 805 2299 rei
835 2258 1030 2312 publicae
1063 2258 1214 2299 danda
1245 2263 1301 2298 sit
1334 2255 1549 2309 Madvig3
1592 2270 1653 2297 an

162 2313 350 2366 sapienti
369 2326 447 2353 ora
467 2326 599 2366 opera
613 2313 839 2366 perdenda
857 2312 943 2352 sint
963 2311 1034 2365 pL
1051 2328 1062 2358 ς
1097 2325 1202 2352 num
1222 2312 1299 2364 (an
1318 2310 1366 2363 b)
1385 2310 1653 2364 sapientiora

163 2381 295 2421 opera
309 2368 536 2420 perdenda
554 2366 888 2420 (perpendenda
908 2365 955 2418 b)
974 2366 1031 2406 sit
1052 2368 1169 2416 (sunt
1190 2365 1237 2417 b)
1258 2364 1337 2406 Pb.

227 2471 247 2489 ‘¹
279 2462 346 2517 Of.
379 2461 482 2504 Tac.
517 2461 633 2503 Hist.
665 2463 692 2503 i.
725 2465 779 2501 50
806 2461 921 2502 inter
949 2462 1057 2502 duos
1089 2474 1271 2515 quorum
1301 2460 1405 2501 bello
1437 2459 1576 2501 solum
1605 2459 1654 2501 id

159 2517 302 2563 scires,
325 2516 574 2557 deteriorem
584 2516 686 2569 fore
706 2515 780 2569 qui
798 2515 973 2556 vicisset.

229 2572 245 2596 ὓ
274 2570 375 2618 See,
397 2570 466 2610 for
487 2569 707 2622 example,
730 2568 887 2610 Letter
905 2569 1012 2612 xxii.

161 2641 226 2690 92
