1742 2872
494 147 640 194 THE
676 146 995 194 EPISTLES
1034 147 1123 194 OF
1159 146 1425 194 SENECA

141 257 191 309 ,5
215 256 306 302 bus
354 261 547 302 metum
600 255 845 313 demeret,
893 259 1066 302 mortis
1115 262 1167 301 et
1215 258 1435 301 carceris.
1513 254 1709 300 Mucius

212 334 412 396 ignibus
436 351 640 380 manum
665 336 899 396 inposuit.
977 333 1228 380 Acerbum
1264 339 1342 379 est
1375 336 1482 386 uri3
1520 338 1709 394 quanto

212 412 452 469 acerbiUS,
479 415 519 458 si
543 411 595 458 id
629 418 683 458 te
715 411 935 458 faciente
968 411 1198 474 patiaris!
1270 410 1423 457 Vides
1455 409 1710 456 hominem

213 506 313 535 non
362 489 615 536 eruditum
662 506 757 536 nec
799 489 913 536 ullis
954 491 1235 551 praeceptis
1283 495 1457 534 contra
1497 494 1709 534 mortem

211 573 300 613 aut
351 567 575 614 dolorem
627 567 970 623 subornatum,
1021 566 1225 613 militari
1277 571 1476 612 tantum
1535 565 1710 612 robore

210 647 529 702 instructum,
570 661 756 707 poenas
797 662 826 691 a
867 661 920 691 se
960 647 1097 690 inriti
1146 649 1354 690 conatus
1390 646 1710 705 exigentem3

212 729 466 784 spectator
489 722 791 769 destillantis
824 726 876 768 in
912 722 1082 768 hostili
1113 721 1278 768 foculo
1303 721 1542 768 dexterae
1569 724 1712 767 stetit
1740 742 1742 750 ¹

212 816 307 846 nec
348 805 468 846 ante
512 804 724 846 removit
772 799 920 846 nudis
962 800 1154 846 ossibus
1198 798 1444 845 fluentem
1490 815 1710 856 manum,

212 893 362 939 quam
408 879 539 939 ignis
593 877 665 923 illi
718 877 780 923 ab
829 876 975 923 hoste
1024 876 1300 923 subductus
1349 882 1439 923 est,
1527 876 1710 922 Facere

210 954 402 1018 aliquid
442 958 494 1000 in
536 954 635 1001 illis
679 958 850 1001 castris
891 955 1087 1001 felicius
1128 957 1311 1016 potuit,
1354 953 1479 999 nihil
1517 953 1707 1000 fortius.

213 1031 341 1078 Vide
366 1038 555 1095 quanto
587 1036 744 1078 acrior
779 1036 843 1078 sit
876 1031 939 1078 ad
975 1031 1266 1094 occupanda
1300 1031 1521 1093 pericula
1556 1033 1742 1087 virtus}

211 1126 361 1172 quam
409 1109 677 1156 crudelitas
730 1109 794 1156 ad
846 1109 1151 1172 inroganda:
1211 1109 1404 1156 facilius
1459 1108 1711 1155 Porsenna
1730 1093 1742 1181 ⁴}

214 1187 383 1234 Mucio
429 1191 639 1250 ignovit,
683 1187 817 1251 quod
866 1187 1093 1234 voluerat
1139 1187 1384 1244 occidere,
1422 1203 1572 1250 quam
1618 1187 1742 1233 sibi·

215 1264 427 1323 Mucius,
453 1265 587 1328 quod
612 1281 712 1311 non
738 1265 1003 1312 occiderat.

180 1355 210 1403 6
296 1347 328 1370 “
344 1341 704 1400 Decantatae,'’
727 1346 908 1405 inquis,
929 1348 960 1369 “
974 1346 1028 1389 in
1051 1343 1281 1389 omnibus
1307 1341 1487 1388 scholis
1511 1341 1710 1388 fabulae

210 1421 336 1467 istae
362 1427 508 1476 sunt-3
544 1424 643 1466 iarn
667 1419 808 1477 mihi,
828 1437 942 1466 cum
966 1419 1031 1466 ad
1050 1419 1471 1466 contemnendam
1497 1425 1710 1466 mortem

210 1504 416 1544 ventum
477 1497 646 1555 fuerit,
700 1498 940 1545 Catonem
1001 1498 1269 1544 narrabis.'’
1365 1496 1555 1556 Quidni
1614 1513 1709 1559 ego

209 1592 406 1622 narrem
443 1575 619 1622 ultima
655 1575 742 1622 illa
781 1582 932 1622 nocte
972 1575 1191 1622 Platonis
1232 1575 1413 1621 librum
1448 1575 1708 1637 legentem

211 1657 374 1716 posito
398 1653 461 1700 ad
488 1659 639 1716 caput
663 1653 866 1716 gladio?
938 1652 1054 1699 Duo
1073 1652 1198 1700 haec
1222 1656 1274 1698 in
1299 1653 1447 1699 rebus
1472 1655 1708 1699 extremis

211 1733 545 1778 instrumenta
591 1737 932 1794 prospexerat,
980 1730 1196 1777 alterum
1250 1735 1308 1776 ut
1362 1729 1519 1776 vellet
1568 1733 1708 1787 mori,

122 1855 126 1858 .
211 1808 443 1866 alterum,
462 1814 520 1855 ut
543 1814 725 1871 posset.
791 1807 1088 1870 Compositis
1109 1824 1228 1870 ergo
1251 1808 1416 1864 rebus,
1434 1813 1708 1870 utcumque

212 1888 444 1948 componi
467 1885 655 1932 fractae
687 1891 840 1948 atque
866 1885 1072 1931 ultimae
1097 1890 1347 1947 poterant,
1372 1883 1425 1930 id
1455 1884 1657 1948 agendu

214 1965 533 2021 existimavit,
558 1979 623 2010 ne
650 1966 730 2009 cui
762 1963 1007 2009 Catonem
1038 1968 1127 2008 aut
1154 1962 1384 2008 occidere
1416 1961 1591 2008 liceret
1621 1978 1684 2007 au
1711 2002 1715 2007 .

163 2051 192 2102 7
213 2056 408 2087 servare
445 2044 778 2103 contingeret.
853 2040 921 2099 Et
953 2042 1126 2086 stricto
1159 2039 1344 2101 gladio,
1369 2055 1520 2102 quem
1552 2055 1675 2102 usqu
1725 2100 1729 2102 .

212 2122 266 2164 in
311 2118 453 2164 illum
500 2118 635 2165 diem
682 2119 745 2164 ab
793 2121 929 2164 omni
976 2117 1130 2164 caede
1171 2132 1352 2180 purum
1399 2123 1724 2164 servaverat

213 2201 246 2224 “
261 2195 449 2254 Nihil,’'
485 2200 666 2260 inquit,
696 2202 728 2223 “
744 2199 909 2258 egisti,
941 2196 1158 2253 fortuna,
1183 2195 1413 2242 omnibus
1449 2183 1742 2246 conatibus-4

215 2277 338 2320 meis
363 2274 621 2322 obstando.
697 2274 811 2320 Non
836 2290 925 2336 pro
949 2289 1061 2320 mea
1084 2272 1249 2320 adhuc
1281 2272 1368 2319 sed
1402 2289 1491 2335 pro
1518 2265 1742 2334 patriae&

227 2423 241 2446 0
281 2407 302 2425 ‘²
329 2398 424 2439 The
443 2399 621 2452 foculus
640 2400 685 2439 in
710 2399 795 2438 this
815 2399 989 2439 version
1009 2398 1060 2438 of
1083 2397 1160 2438 the
1181 2401 1304 2450 story
1324 2410 1415 2438 was
1436 2396 1663 2449 evidently
1682 2409 1713 2439 a

215 2452 421 2493 movable
440 2452 534 2498 fire,
557 2466 584 2492 a
602 2453 782 2492 brazier.

274 2508 300 2537 *⁶
329 2506 423 2547 The
444 2507 637 2554 Phaedo,
659 2520 717 2547 on
737 2505 814 2546 the
834 2505 1125 2558 immortality
1145 2505 1196 2546 of
1209 2505 1288 2546 the
1308 2505 1417 2547 soul.

283 2568 299 2586 ⁰
324 2561 414 2608 αἶα,
435 2564 482 2602 to
502 2573 608 2601 save
627 2560 717 2601 and
736 2560 866 2612 bring
885 2559 1002 2600 back
1020 2563 1068 2600 to
1090 2559 1232 2600 Rome
1251 2573 1301 2600 as
1321 2562 1533 2613 prisoner.

221 2625 314 2674 168
