1742 2872
509 123 655 169 THE
692 121 1011 169 EPISTLES
1048 120 1139 168 OF
1174 119 1439 167 SENECA

141 233 199 279 19
226 233 341 279 Hae
361 233 665 289 inmortales,
685 232 1023 289 inmutabiles,
1050 230 1359 277 inviolabiles
1383 236 1511 276 sunt.
1587 135 1742 328 Quid⁴

131 341 134 342 ⁷
224 325 289 368 sit
304 321 433 378 idea,
454 321 505 368 id
525 328 619 379 est,
639 320 761 384 quid
781 320 975 366 Platoni
991 335 1100 366 esse
1117 318 1362 375 videatur,
1378 317 1494 364 audi
1513 335 1523 363 ε
1554 323 1585 344 “
1604 317 1724 364 Idea

225 417 303 457 est
342 426 530 467 eorum,
567 426 695 472 quae
731 415 910 455 natura
945 408 1087 464 fiunt,
1125 407 1379 470 exemplar
1412 404 1722 453 aeternum.”

231 496 453 545 Adiciam
502 497 782 544 definitioni
830 500 1318 559 interpretationem,
1361 511 1460 558 quo
1505 495 1599 541 tibi
1646 509 1725 540 res

223 590 442 648 apertior
466 585 580 632 fiat:
618 586 729 632 volo
749 588 1019 648 imaginem
1044 591 1180 632 tuam
1207 583 1383 630 facere.
1458 582 1727 644 Exemplar

225 678 449 736 picturae
485 680 538 720 te
581 673 759 731 habeo,
795 689 857 720 ex
904 689 1003 735 quo
1051 676 1186 734 capit
1232 672 1450 734 aliquem
1498 670 1742 719 habitum÷

223 778 366 810 mens
398 768 583 820 nostra,
608 778 759 825 quem
791 763 929 824 operi
954 777 1044 807 suo
1068 764 1289 822 inponat.
1366 758 1446 805 Ita
1470 758 1570 815 illa,
1597 772 1725 820 quae

224 867 306 898 me
342 851 492 898 docet
528 857 581 899 et
616 853 820 897 instruit
855 849 1022 906 facieS,
1058 866 1086 894 a
1124 865 1222 911 qua
1263 851 1453 909 petitur
1494 849 1742 903 imitatios

224 938 339 986 idea
362 945 451 986 est.
526 938 664 985 Talia
689 954 810 1000 ergo
834 936 1139 999 exemplaria
1162 935 1357 981 infinita
1380 934 1535 981 habet
1559 879 1742 1012 rerum!

224 1033 416 1084 natura,
451 1027 725 1084 hominum,
762 1028 988 1088 piscium,
1020 1025 1268 1081 arborum,
1303 1022 1365 1068 ad
1401 1037 1530 1085 quae
1566 1013 1742 1091 quod-l

225 1132 440 1178 cumque
464 1115 570 1162 fieri
591 1114 656 1161 ab
680 1114 764 1160 illa
788 1114 961 1170 debet,
986 1114 1293 1174 exprimitur.
1738 1093 1742 1112 ’

140 1219 203 1266 20
310 1203 559 1262 Quartum
582 1203 747 1249 locum
775 1202 982 1248 habebit
1010 1199 1130 1247 idos.
1205 1197 1342 1257 Quid
1374 1201 1440 1245 sit
1472 1197 1567 1244 hoc
1599 1196 1739 1254 idos„

224 1292 458 1340 attendas
493 1297 694 1354 oportet
730 1297 783 1338 et
823 1290 1017 1336 Platoni
1052 1292 1272 1351 inputes,
1296 1303 1398 1333 non
1430 1285 1570 1343 mihi,
1594 1283 1742 1334 banci

224 1397 389 1428 rerum
414 1381 773 1427 difficultatem.
847 1378 999 1425 Nulla
1014 1384 1092 1425 est
1110 1383 1280 1424 autem
1305 1379 1411 1422 sine
1430 1370 1742 1421 difficultates

225 1469 487 1517 subtilitas.
564 1468 716 1515 Paulo
740 1474 859 1514 ante
886 1470 1087 1529 pictoris
1111 1468 1330 1528 imagine
1365 1463 1552 1510 utebar.
1627 1455 1742 1510 Ille]

226 1574 339 1604 cum
365 1557 576 1604 reddere
604 1555 876 1619 Vergilium
903 1554 1148 1601 coloribus
1174 1552 1346 1609 vellet,
1370 1555 1534 1614 ipsum
1557 1554 1742 1600 intue-:E

215 1628 383 1693 batur.
431 1645 554 1692 Idea
568 1650 676 1692 erat
691 1643 899 1706 Vergilii
915 1642 1083 1700 facies,
1100 1641 1256 1688 futuri
1273 1642 1435 1703 operis
1452 1636 1719 1700 exemplar.
1735 1627 1742 1673 ἔ

227 1734 302 1780 Ex
327 1733 420 1780 hac
439 1733 573 1796 quod
598 1731 778 1779 artifex
802 1730 959 1778 trahit
975 1730 993 1761 1
1014 1737 1067 1778 et
1090 1732 1227 1792 operi
1252 1744 1341 1776 suo
1359 1729 1595 1789 inposuit,
1613 1705 1742 1801 idos}

141 1833 199 1879 21
226 1829 317 1870 est.
391 1820 528 1879 Quid
551 1824 767 1878 intersit,
792 1819 1023 1883 quaeris?
1094 1817 1323 1864 Alterum
1350 1813 1604 1877 exemplar
1627 1814 1742 1872 est,3'

187 1971 189 1973 v
225 1910 440 1958 alterum
464 1909 622 1956 forma
645 1909 709 1955 ab
734 1907 1007 1970 exemplari
1032 1911 1232 1968 sumpta
1256 1910 1311 1952 et
1329 1906 1466 1966 operi
1489 1905 1716 1965 inposita.
1736 1889 1742 1946 l

227 1998 454 2045 Alteram
469 1997 651 2044 artifex
665 2000 906 2053 imitatur,
922 1996 1131 2042 alteram
1146 1994 1278 2040 facit.
1317 1992 1491 2039 Habet
1505 1991 1719 2054 aliquam

224 2087 404 2133 faciem
429 2092 624 2142 statua;
660 2084 783 2131 haec
808 2089 887 2131 est
910 2083 1032 2130 idos.
1106 2082 1282 2128 Habet
1303 2080 1519 2143 aliquam
1542 2078 1719 2124 faciem

185 2214 190 2220 .
227 2173 483 2236 exemplar
516 2177 696 2235 ipsum,
731 2172 867 2236 quod
901 2174 1104 2218 intuens
1139 2168 1308 2231 opifex
1343 2173 1558 2214 statuam
1596 2165 1720 2227 figu-

646 2280 659 2305 ¹
691 2278 746 2322 G.
773 2277 951 2322 Gemoll
973 2277 1144 2331 prefers
1165 2276 1313 2317 traxit.

227 2338 1732 2422 ——aFJTer'eZn‘Tfffieffiirmemdes-——i512———Whatfissssw—sffffoss¹

230 2436 255 2463 a
270 2422 411 2463 direct
425 2421 674 2474 quotation,
695 2417 785 2459 and
804 2418 882 2458 the
902 2429 1026 2458 same
1045 2414 1241 2468 thought
1255 2415 1292 2455 is
1309 2412 1450 2454 found
1464 2411 1732 2456 elsewhere.1

291 2478 308 2503 ὃ
341 2478 467 2516 Εἶδος.

290 2537 309 2557 ⁶
335 2530 427 2573 220..
447 2529 525 2570 the
547 2523 818 2579 “original.''

231 2600 326 2649 398
