1742 2872
479 163 625 211 THE
662 165 981 214 EPISTLES
1019 166 1109 215 OF
1144 166 1408 215 SENECA

160 308 171 311 -
198 268 263 316 de
287 276 449 318 morte
473 275 777 318 sententiam
803 278 855 319 et
879 272 1036 336 qualis
1066 278 1198 319 esset
1223 275 1328 319 eius
1351 279 1529 319 natura
1552 273 1691 320 velut

198 368 400 427 propius
433 369 690 429 inspectae
726 367 1047 415 indicantem.
1140 367 1271 426 Plus,
1308 373 1366 414 ut
1399 374 1539 430 puto,
1574 368 1691 415 fidei

108 475 113 478 ·
199 458 410 507 haberet
444 461 576 524 apud
614 468 682 520 te,
708 461 819 524 plus
855 462 1104 525 ponderis,
1130 466 1169 509 si
1205 466 1315 526 quis
1345 466 1604 510 revixisset
1639 470 1692 511 et

198 558 251 601 in
286 562 447 603 morte
471 556 596 602 nihil
621 557 739 603 mali
776 574 883 604 esse
909 564 1131 604 narraret
1167 564 1402 620 expertus
1420 574 1432 614 ;
1468 575 1692 605 accessus

198 654 370 698 mortis
405 668 554 714 quam
587 653 1016 715 perturbationem
1051 652 1263 711 adferat,
1286 657 1476 715 optime
1512 654 1605 699 tibi
1641 653 1693 699 hi

198 746 386 804 dicent,
411 751 497 810 qui
521 747 797 794 secundum
821 748 959 794 illam
991 754 1261 805 steterunt,
1286 751 1371 811 qui
1403 751 1693 795 venientem

114 843 177 892 10
198 820 253 888 et
287 841 522 888 viderunt
555 848 608 889 et
643 849 957 905 receperunt.
1033 843 1174 889 Inter
1207 843 1298 892 hos
1335 843 1540 889 Bassum
1575 843 1694 891 licet

197 953 443 996 numeres,
474 940 559 1000 qui
594 954 684 984 nos
721 938 887 1000 decipi
923 938 1098 985 noluit.
1174 937 1223 984 Is
1247 941 1319 985 ait
1343 944 1447 984 tam
1483 938 1694 985 stultum

199 1048 324 1090 esse,
371 1035 456 1095 qui
508 1039 722 1079 mortem
780 1036 976 1090 timeat,
1023 1049 1172 1095 quam
1230 1036 1315 1095 qui
1363 1039 1691 1080 senectutem.

201 1127 330 1173 Nam
346 1127 769 1190 quemadmodum
790 1134 1023 1174 senectus
1042 1127 1436 1174 adulescentiam
1455 1131 1694 1191 sequitur,

197 1225 270 1267 ita
305 1238 434 1268 mors
470 1228 799 1269 senectutem.
874 1222 1055 1269 Vivere
1096 1222 1276 1281 noluit,
1315 1225 1400 1285 qui
1436 1226 1560 1269 mori
1594 1239 1695 1269 non

198 1317 319 1363 vult.
393 1316 510 1364 Vita
534 1320 669 1364 enim
694 1334 806 1363 cum
828 1320 1126 1379 exceptione
1150 1319 1324 1363 mortis
1348 1316 1466 1363 data
1490 1322 1597 1373 est3
1632 1317 1695 1364 ad

198 1410 327 1458 hanc
373 1414 486 1458 itur.
563 1410 726 1469 Quam
770 1411 885 1458 ideo
929 1415 1106 1458 timere
1149 1411 1400 1458 dementis
1442 1417 1535 1470 est,
1581 1415 1697 1475 quia

114 1510 171 1557 ll
200 1512 336 1553 certa
365 1512 713 1568 expectantur,
738 1506 890 1553 dubia
922 1506 1246 1553 metuuntur!
1323 1506 1457 1552 Mors
1482 1510 1695 1553 necessi-

199 1606 359 1647 tatem
384 1600 539 1648 habet
563 1617 773 1664 aequam
800 1607 854 1648 et
881 1604 1132 1647 invictam.
1207 1599 1331 1658 Quis
1355 1604 1496 1663 queri
1528 1607 1697 1663 potest
1729 1606 1738 1616 “

198 1699 251 1742 in
293 1712 352 1742 ea
392 1695 685 1743 condicione
726 1712 779 1743 se
822 1712 946 1754 esse,
993 1699 1046 1742 in
1092 1712 1191 1759 qua
1236 1712 1386 1743 nemo
1432 1712 1533 1742 non
1581 1621 1742 1770 est?{

201 1790 363 1836 Prima
387 1797 558 1837 autem
583 1807 695 1853 pars
720 1797 798 1838 est
821 1794 1090 1854 aequitatis
1114 1790 1402 1853 aequalitas.
1735 1773 1742 1784 ι

283 1885 385 1932 Sed
408 1902 542 1932 nunc
573 1902 934 1948 supervacuum
965 1891 1043 1932 est
1074 1892 1283 1932 naturae
1308 1901 1505 1931 causam
1530 1902 1696 1948 agere,

199 1996 326 2043 quae
367 1997 470 2026 non
516 1980 663 2026 aliam
711 1980 868 2026 voluit
913 1980 1080 2042 legem
1129 1986 1349 2027 nostram
1398 1996 1506 2027 esse
1548 1997 1696 2043 quam

199 2090 367 2130 suam;
410 2074 648 2138 quicquid
683 2078 962 2137 conposuit,
999 2075 1218 2133 resolvit,
1254 2081 1308 2122 et
1348 2074 1586 2138 quicquid
1621 2091 1696 2122 re-
1739 2121 1742 2132 ,

114 2177 174 2224 12
199 2169 361 2227 solvit,
387 2173 625 2232 conponit
648 2173 846 2217 iterum.
922 2169 1028 2215 Iam
1061 2186 1175 2216 vero
1208 2173 1248 2216 si
1281 2173 1360 2215 cui
1386 2173 1615 2233 contigit,
1640 2176 1697 2217 ut

198 2264 340 2310 illum
365 2270 596 2311 senectus
621 2264 804 2311 leniter
828 2268 1087 2312 emitteret
1115 2281 1216 2311 non
1241 2270 1451 2327 repente
1475 2265 1697 2311 avolsum

199 2362 348 2416 vitae,
381 2358 471 2406 sed
504 2362 793 2405 minutatim
829 2359 1162 2416 subductum3
1197 2376 1227 2405 o
1268 2375 1333 2406 ne
1368 2358 1511 2405 illum
1545 2375 1696 2422 agere

198 2457 382 2517 gratias
407 2453 482 2500 dis
507 2455 736 2500 omnibus
772 2453 938 2512 decet,
970 2453 1104 2517 quod
1141 2458 1347 2500 satiatus
1384 2454 1447 2500 ad
1472 2457 1694 2516 requiem

198 2549 389 2595 homini
444 2553 789 2606 necessariam,
843 2549 971 2595 lasso
1026 2556 1218 2611 gratam
1275 2549 1546 2611 perductus
1602 2537 1723 2596 estsv

201 2625 298 2673 216
