1742 2872
467 124 614 171 THE
649 123 970 173 EPISTLES
1007 125 1097 172 OF
1133 122 1398 173 SENECA

187 250 250 282 ex
290 251 389 298 qua
429 236 722 297 prodierunt
761 252 818 281 ac
859 252 974 282 mox
1015 252 1302 298 processura
1340 243 1474 294 sunt,
1507 253 1681 283 recon-

138 316 161 321 ““
188 302 390 359 duntur,
428 306 680 358 consumi;
733 303 974 350 desinunt
1014 307 1125 361 ista,
1166 319 1268 349 non
1310 310 1538 365 pereunt.
1612 304 1680 350 Et

187 385 334 426 mors,
359 385 507 431 quam
544 373 942 431 pertimescimus
974 387 1031 416 ac
1064 386 1363 428 recusamus,
1387 373 1680 417 intermittit

187 439 359 494 vitam,
387 452 490 482 non
526 439 704 498 eripit3
753 440 924 483 veniet
960 441 1159 495 iterum,
1185 441 1270 499 qui
1306 453 1395 483 nos
1428 441 1480 483 in
1516 438 1681 484 lucem

187 509 399 564 reponat
445 502 569 562 dies,
616 520 767 566 quem
813 504 960 550 multi
1015 510 1319 561 recusarent,
1359 507 1454 550 nisi
1501 504 1683 551 oblitos

188 570 467 616 reduceret.

108 638 163 685 11
275 635 375 683 Sed
394 643 569 699 postea
584 637 876 699 diligentius
895 638 1086 684 docebo
1105 642 1286 696 omnia,
1302 654 1429 700 quae
1450 638 1685 685 videntur

189 707 367 765 perire,
392 707 587 750 mutari.
661 705 839 766 Aequo
870 708 1038 751 animo
1069 705 1225 752 debet
1256 705 1506 752 rediturus
1531 709 1679 753 exire.

192 770 416 817 Observa
461 771 635 818 orbem
675 787 840 818 rerum
880 775 933 817 in
980 787 1032 818 se
1072 776 1434 828 remeantium3
1492 772 1684 819 videbis

190 837 316 884 nihil
340 840 393 883 in
417 837 512 885 hoc
540 838 730 884 mundo
765 842 1009 900 extingui,
1034 838 1123 885 sed
1155 840 1343 885 vicibus
1376 839 1683 886 descendere

190 921 248 951 ac
306 921 522 967 surgere.
618 905 798 952 Aestas
845 906 967 963 abit,
1015 905 1105 952 sed
1161 906 1290 953 alter
1341 906 1478 952 illam
1524 923 1684 953 annus

191 971 440 1028 adducet3
476 972 674 1034 hiemps
699 972 918 1030 cecidit,1
944 971 1166 1019 referent
1190 973 1327 1019 illam
1352 977 1425 1019 sui
1455 989 1652 1020 menses
1671 990 1683 1030 ;

192 1039 347 1085 solem
400 1056 499 1086 nox
551 1040 732 1097 obruit,
779 1039 869 1086 sed
915 1043 1074 1102 ipsam
1122 1044 1292 1086 statim
1340 1041 1447 1087 dies
1493 1041 1679 1102 abiget.

191 1105 460 1152 Stellarum
495 1109 591 1153 iste
627 1106 874 1153 discursus
915 1107 1153 1169 quicquid
1194 1111 1433 1169 praeterit
1468 1111 1685 1170 repetit3

109 1183 169 1229 12
191 1189 302 1235 pars
339 1173 463 1220 caeli
498 1173 694 1220 levatur
733 1173 944 1231 assidue,
974 1190 1084 1236 pars
1120 1178 1375 1237 mergitur.
1451 1174 1684 1237 Denique

192 1240 343 1286 finem
368 1240 562 1298 faciam,
582 1244 622 1287 si
641 1240 735 1287 hoc
759 1257 916 1287 unum
933 1241 1180 1300 adiecero,
1199 1258 1293 1287 nec
1311 1241 1531 1288 infantes
1555 1258 1649 1288 nec
1665 1242 1684 1272 2

191 1323 370 1370 pueros
416 1324 512 1355 nec
558 1314 732 1354 mente
778 1308 942 1370 lapsos
989 1312 1167 1355 timere
1214 1315 1427 1355 mortem
1476 1314 1529 1355 et
1575 1325 1684 1355 esse

190 1378 548 1436 turpissimum,
590 1378 630 1421 si
678 1391 788 1421 eam
840 1378 1163 1422 securitatem
1209 1376 1353 1422 nobis
1405 1379 1531 1422 ratio
1582 1392 1685 1422 non

190 1447 428 1504 praestat,
452 1442 517 1488 ad
541 1458 689 1505 quam
715 1442 929 1489 stultitia
954 1443 1197 1505 perducit.
1272 1442 1421 1489 VALE.

794 1648 1056 1697 XXXVII.

527 1777 722 1826 SENECA
760 1778 960 1824 chn.10
997 1794 1081 1825 svo
1117 1794 1333 1826 SALVTEM

140 1921 164 1969 1
275 1907 426 1965 Quod
447 1910 719 1953 maximum
752 1906 1006 1953 vinculum
1040 1913 1117 1954 est
1149 1907 1212 1953 ad
1238 1907 1420 1953 bonam
1444 1914 1686 1967 mentem,
1726 1900 1737 1953 Ξ

190 1977 459 2038 promisisti
517 1977 678 2020 virum
735 1974 940 2030 bonum,
988 1980 1298 2030 sacramento
1356 1980 1557 2036 rogatus
1615 1992 1681 2022 es.

192 2042 460 2090 Deridebit
483 2048 554 2099 te,
573 2044 614 2087 si
638 2043 748 2104 quis
773 2041 866 2087 tibi
890 2040 1074 2087 dixerit
1093 2041 1293 2088 mollem
1323 2057 1431 2088 esse
1455 2042 1685 2089 militiam

366 2138 380 2162 1
410 2137 557 2179 cecidit
579 2135 709 2179 MSS.
731 2153 743 2185 3
774 2137 932 2178 Hense
951 2137 1098 2178 would
1117 2137 1224 2178 read
1244 2137 1406 2184 cecidit,
1428 2139 1514 2179 sed.

364 2191 380 2216 ²
410 2191 582 2238 Hense,
606 2190 834 2243 following
854 2190 1054 2244 Madvig,
1072 2191 1220 2232 would
1239 2191 1386 2232 delete
1404 2205 1492 2232 nec.

192 2300 272 2338 not
299 2310 489 2338 concern
510 2296 653 2337 either
672 2296 750 2337 the
778 2296 918 2349 living
937 2309 987 2337 or
1015 2296 1092 2337 the
1113 2296 1258 2344 dead3
1286 2296 1356 2336 for
1374 2299 1422 2337 to
1441 2295 1520 2337 the
1548 2295 1687 2348 living

192 2353 227 2392 it
247 2351 328 2392 has
348 2364 407 2392 no
427 2352 668 2397 existence,
691 2350 781 2391 and
807 2349 886 2392 the
905 2349 1022 2391 dead
1041 2350 1098 2391 do
1127 2354 1207 2391 not
1226 2350 1496 2391 themselves
1527 2350 1687 2392 exist.”
1718 2354 1731 2397 c*

194 2404 430 2446 Lueretius
456 2417 560 2445 uses
587 2404 677 2444 this
697 2407 951 2457 argument,
973 2404 1242 2457 concluding
1261 2405 1296 2444 it
1316 2404 1423 2444 with
1455 2405 1530 2454 (iii.
1560 2404 1685 2456 830)=
1719 2403 1722 2406 ’

192 2459 274 2500 Nil
301 2459 309 2468 '
336 2459 428 2499 itur
446 2472 563 2499 mors
582 2463 642 2499 est
661 2459 722 2499 ad
738 2471 818 2499 nos
835 2471 967 2512 neque
982 2459 1172 2511 pertinet
1191 2458 1340 2499 hilwm.
1727 2461 1729 2479 ³

259 2520 280 2538 ‘⁸
346 2526 396 2553 or
416 2511 635 2565 example,
658 2513 704 2552 in
724 2511 812 2565 Ep.
837 2511 986 2553 lxxvii.

193 2582 290 2625 252
