1742 2872
525 179 671 226 THE
707 179 1027 227 EPISTLES
1064 179 1155 227 OF
1189 179 1456 228 SENECA

193 297 222 343 3
331 290 544 336 Rectum
567 293 679 345 iter,
705 290 839 352 quod
872 307 982 336 sero
1016 293 1227 353 cognovi
1252 296 1305 336 et
1329 289 1484 336 lassus
1510 288 1729 354 errandof

153 412 158 414 .
243 370 351 416 aliis
387 375 622 416 monstro.
697 370 896 416 Clamo:
934 376 964 397 “
981 371 1170 428 Vitate,
1206 386 1550 433 quaecumque
1585 369 1668 416 vul
1718 370 1725 382 ³

243 450 464 512 placent,
500 466 628 514 quae
665 467 805 497 casus
840 451 1096 498 adtribuit.
1171 451 1254 498 Ad
1289 468 1437 498 omne
1474 451 1684 498 fortuitu

243 532 431 578 bonum
472 535 729 594 suspiciosi
770 533 1038 595 pavidique
1086 533 1374 588 subsistite3
1434 539 1488 579 et
1534 532 1639 579 fera
1683 549 1713 579 e

244 780 408 821 tutam
435 791 586 838 agere
619 779 773 821 vitam
805 776 957 833 volet,
983 782 1228 839 quantum
1258 775 1528 838 plurimum
1554 781 1697 838 potes

244 859 340 902 ista
376 847 561 903 viscata
592 856 836 903 beneficia
873 857 1084 915 devitet,
1108 861 1161 903 in
1196 857 1374 920 quibus
1410 856 1504 903 hoc
1540 873 1729 924 quoqu⁴

245 940 506 984 miserrimi
542 937 789 993 fallimur3
826 937 1012 984 habere
1048 955 1137 984 nos
1173 944 1423 1000 putamus,
1459 937 1696 984 haeremu
1723 932 1731 962 ³

194 1022 224 1068 4
247 1018 306 1064 In
331 1022 624 1082 praecipitia
656 1035 825 1066 cursus
857 1023 953 1066 iste
985 1019 1204 1066 deducit.
1280 1019 1446 1065 Huius
1471 1022 1673 1065 eminen
1700 1021 1712 1032 ‘

245 1102 378 1147 vitae
403 1104 568 1147 exitus
593 1101 771 1147 cadere
798 1107 888 1148 est.
964 1100 1164 1147 Deinde
1188 1117 1254 1147 ne
1278 1103 1510 1147 resistere
1535 1099 1686 1163 quide
1712 1090 1717 1113 ²

244 1180 380 1239 licet,
401 1198 514 1228 cum
533 1185 700 1243 coepit
719 1188 1024 1229 transversos
1042 1198 1194 1245 agere
1218 1181 1449 1239 felicitas,
1468 1187 1555 1228 aut
1574 1181 1684 1228 salt'

244 1259 396 1309 rectis
414 1269 503 1309 aut
521 1263 678 1309 semel
702 1279 846 1310 ruere
866 1279 877 1319 ;
914 1280 1014 1309 non
1041 1266 1225 1310 evertit
1242 1263 1258 1293 1
1284 1262 1502 1321 fortuna,
1521 1262 1611 1310 sed
1635 1279 1692 1311 ce

246 1343 389 1390 nulat
413 1351 467 1391 et
490 1344 666 1391 allidit.

193 1434 222 1480 5
333 1425 480 1472 Hanc
500 1442 619 1489 ergo
638 1442 809 1472 sanam
827 1443 884 1472 ac
904 1426 1153 1472 salubrem
1171 1425 1380 1473 formam
1395 1429 1528 1472 vitae
1547 1432 1692 1473 tenet

244 1512 302 1553 ut
338 1511 530 1569 corpori
564 1513 763 1554 tantum
799 1507 1123 1570 indulgeatis,
1147 1513 1391 1570 quantum
1426 1507 1587 1554 bonae
1621 1498 1724 1578 vali:

245 1587 411 1635 tudini
447 1592 566 1636 satis
602 1596 693 1636 est.
768 1588 954 1635 Durius
989 1588 1309 1636 tractandum
1345 1595 1439 1647 est,
1474 1605 1539 1635 ne
1574 1586 1742 1658 animd

244 1669 375 1716 male
411 1677 597 1732 pareat.
670 1671 822 1718 Cibus
846 1669 1032 1717 famem
1064 1670 1226 1727 sedet,
1250 1673 1389 1733 potio
1418 1674 1552 1718 sitim
1578 1672 1742 1731 extim-

245 1757 383 1813 guat,
419 1755 571 1799 vestis
617 1758 785 1799 arceat
826 1751 1000 1814 frigus,
1041 1751 1218 1798 domus
1264 1755 1635 1799 munimentum
1675 1747 1742 1809 siff

244 1832 479 1880 adversus
537 1833 722 1881 infesta
779 1837 1006 1896 corporis.
1078 1833 1254 1898 ,Hanc
1311 1839 1479 1880 utrum
1537 1841 1742 1896 caespefl

245 1918 462 1961 erexerit
485 1931 550 1961 an
574 1919 736 1962 varius
767 1914 893 1977 lapis
917 1917 1084 1977 gentis
1107 1914 1318 1973 alienae,
1342 1913 1468 1960 nihil
1495 1918 1742 1979 interesti-

245 1999 425 2043 scitote
467 1979 571 2042 tam
607 1997 739 2043 bene
774 1995 1030 2043 hominem
1068 1995 1233 2042 culmo
1268 2011 1418 2058 quam
1457 2011 1576 2042 auro
1617 1984 1742 2058 tegi}

246 2077 570 2124 Contemnite
623 2081 804 2135 omnia,
852 2093 979 2140 quae
1027 2092 1359 2139 supervacuus
1416 2075 1556 2123 labor
1600 2054 1742 2144 velufi

245 2155 597 2206 ornamentum
620 2175 678 2205 ac
709 2158 863 2205 decus
898 2160 1054 2221 ponit.
1128 2157 1358 2220 Cogitate
1384 2156 1509 2203 nihil
1541 2151 1742 2248 praete{

435 2278 450 2304 1
478 2278 627 2319 evertit
645 2277 725 2319 the
744 2277 911 2318 edition
931 2276 983 2318 of
999 2275 1217 2318 Mentelin
1235 2293 1248 2324 ς
1277 2277 1406 2318 vertit
1427 2275 1556 2317 MSS.
1722 2257 1742 2338 ξ

282 2469 290 2478 ο
313 2422 334 2440 ‘⁸
362 2413 447 2456 See
466 2414 553 2468 Ep.
572 2413 718 2456 lxxxv,
742 2415 797 2455 33
815 2413 884 2455 for
901 2413 980 2454 the
999 2413 1175 2455 famous
1195 2415 1356 2467 saying
1370 2413 1422 2454 of
1436 2413 1513 2454 the
1533 2394 1742 2454 Rhodias:-

248 2467 572 2569 PIIYtt-ernulat,
594 2520 850 2575 equivalent
866 2524 914 2562 to
933 2520 1012 2562 the
1031 2520 1185 2563 Greek
1211 2524 1468 2572 ἀναχαιτίζω,
1491 2520 1542 2561 of
1563 2534 1592 2561 a
1610 2520 1742 2561 horse

249 2575 394 2616 which
413 2576 579 2616 throws
594 2589 622 2616 a
640 2575 757 2616 rider
776 2588 883 2616 over
900 2577 958 2616 its
980 2574 1111 2618 head.
1727 2574 1733 2579 '

250 2646 312 2688 38
