1742 2872
533 191 680 238 THE
716 188 1036 237 EPISTLES
1073 188 1163 235 OF
1198 186 1464 235 SENECA

252 319 314 350 ex
338 302 648 348 consortibus
673 300 949 347 studiorum
975 314 1175 345 suorum
1199 298 1469 344 scriberet:
1500 301 1531 323 “
1550 294 1740 354 Haec,’'

140 404 164 409 -»
251 384 434 443 inquit,
450 384 482 406 “
497 395 592 441 ego
611 395 714 424 non
730 377 920 435 multis,
940 376 1028 423 sed
1047 376 1140 423 tibi
1164 391 1175 430 3
1212 378 1331 422 satis
1352 377 1485 421 enim
1505 374 1742 438 magnum]

172 461 229 506 12
251 458 380 504 alter
414 456 561 503 alteri
596 455 853 503 theatrum
890 453 1106 500 sumus.''
1183 453 1301 509 Ista,
1325 455 1395 498 mi
1427 451 1604 509 Lucili,
1628 443 1742 512 con}¹

251 534 419 582 denda
443 537 495 579 in
519 536 742 579 animum
774 538 908 588 sunt,
934 537 991 577 ut
1023 537 1316 577 contemnas
1345 529 1659 591 voluptatem
1682 505 1742 594 eqd-

213 612 469 721 <plurium
510 609 806 656 adsensione
856 611 1157 655 venientem.
1232 607 1384 653 Multi
1426 613 1478 652 te
1520 605 1700 652 laudan
1733 594 1742 621 ⁷

245 688 450 751 Ecquid
467 688 482 717 1
510 686 681 743 habes,
702 702 789 731 cur
807 685 1003 747 placeas
1022 685 1132 742 tibi,
1158 687 1198 730 si
1221 687 1263 730 is
1282 700 1351 741 es,
1371 699 1522 746 quem
1546 683 1742 755 intelle-4

253 772 378 830 gant
402 765 586 812 multi?
658 764 905 811 Introrsus
930 764 1060 810 bona
1084 769 1173 809 tua
1198 767 1444 824 spectent.
1522 760 1668 806 VALE.
1729 778 1742 829 f

932 1031 1076 1077 vm.
1729 992 1742 1092 Ξ

598 1178 792 1226 SENECA
830 1178 1032 1224 chnao
1069 1194 1153 1224 svo
1189 1192 1406 1224 SALVTEM

205 1318 228 1365 1
342 1308 462 1354 “Tu
490 1307 829 1371 mej’inquis,
855 1310 1059 1354 “vitare
1088 1307 1288 1354 turbam
1324 1308 1482 1365 iubes,
1511 1307 1692 1355 secede

255 1393 308 1432 et
344 1388 650 1432 conscientia
686 1401 795 1432 csse
832 1386 1164 1431 contentum?
1239 1384 1339 1431 Ubi
1371 1385 1458 1431 illa
1482 1366 1732 1459 praecep?

256 1469 435 1520 vestra,
454 1479 582 1526 quae
607 1465 858 1524 imperant
883 1466 935 1508 in
958 1469 1073 1508 actu
1093 1465 1245 1509 mori.
1238 1462 1280 1497 ?¹'
1360 1462 1512 1520 Quod
1536 1479 1631 1526 ego
1656 1446 1742 1527 tih‘j

253 1541 427 1587 videor
460 1543 663 1587 interim
699 1540 962 1597 suadere,
949 1557 1002 1585 m
1035 1540 1129 1586 hoc
1152 1556 1234 1587 me
1259 1540 1517 1587 recondidi
1542 1547 1595 1588 et
1620 1528 1742 1594 forea'

256 1619 395 1675 clusi,
421 1624 478 1664 ut
503 1618 740 1680 prodesse
765 1618 989 1680 pluribus
1023 1634 1234 1681 possem.
1311 1618 1489 1665 Nullus
1513 1618 1636 1665 mihi
1660 1634 1742 1682 pet

255 1699 413 1742 otium
449 1695 557 1742 dies
599 1699 717 1742 exit.
808 1695 1008 1742 Partem
1048 1698 1274 1741 noctium
1315 1695 1492 1743 studiis
1534 1697 1742 1747 vindico.

257 1776 371 1822 Non
397 1793 516 1822 vaco
541 1792 715 1822 somno
740 1775 829 1822 sed
862 1777 1147 1833 succumbo,
1178 1782 1231 1822 et
1256 1776 1419 1823 oculos
1444 1777 1612 1839 vigilia
1636 1777 1742 1825 fati⁴

205 1863 233 1908 2
255 1859 398 1915 gatos
440 1853 779 1915 cadentesque
821 1857 873 1898 in
915 1869 1066 1915 opere
1108 1853 1326 1900 detineo.
1415 1853 1607 1901 Secessi
1648 1863 1742 1910 non

256 1937 455 1976 tantum
479 1931 543 1976 ab
567 1930 866 1988 hominibus,
892 1930 982 1977 sed
1006 1947 1035 1976 a
1058 1931 1223 1988 rebus,
1248 1937 1301 1977 et
1325 1934 1550 1994 inprimis
1573 1949 1603 1978 a
1625 1936 1742 1985 mei!

257 2008 434 2063 rebus;
472 2014 783 2070 posterorum
818 2011 1081 2070 negotium
1116 2025 1239 2071 ago3
1275 2008 1373 2055 illis
1408 2009 1590 2072 aliqua,
1621 2024 1742 2073 quau

256 2089 449 2148 possint
471 2085 724 2148 prodesse,
750 2086 1019 2133 conscribo.
1092 2085 1342 2133 Salutares
1367 2086 1742 2153 admonitiones,

257 2163 397 2209 velut
421 2163 905 2209 medicamentorum
924 2163 1124 2210 utilium
1149 2167 1550 2225 compositiones,
1568 2165 1742 2215 litteris

257 2239 458 2297 mando,
484 2256 592 2286 esse
616 2240 727 2286 illas
752 2240 973 2287 efficaces
997 2244 1050 2286 in
1074 2244 1198 2287 meis
1225 2241 1472 2288 ulceribus
1497 2249 1742 2305 expertus,

258 2333 386 2379 quae
412 2320 565 2364 etiam
590 2321 629 2363 si
653 2323 917 2379 persanata
940 2335 1042 2363 non
1066 2324 1198 2376 sunt,
1224 2334 1423 2381 serpere
1448 2319 1736 2368 desierunt:

601 2424 614 2449 ¹
645 2426 796 2480 ecquid
814 2424 1056 2474 Erasmus,
1045 2442 1055 2452 ·
1090 2430 1130 2467 et
1148 2425 1256 2479 quid
1274 2424 1404 2468 MSS.

272 2577 274 2579 ,
324 2541 439 2582 “As
459 2542 717 2583 contrasted
731 2543 838 2583 with
858 2543 936 2584 the
955 2543 1137 2597 general
1156 2542 1278 2585 Stoic
1299 2543 1498 2585 doctrine
1518 2545 1570 2586 of
1593 2546 1742 2603 taking

259 2597 388 2648 part
378 2609 422 2635 in
443 2595 522 2636 the
542 2596 694 2637 world'
695 2609 716 2637 s
738 2596 874 2638 work.

259 2659 324 2708 36
