1742 2872
0 307 6 310 ,
84 263 148 310 20
168 255 357 318 aliquid
382 259 500 317 igne
525 253 763 300 lucidius.
754 254 771 288 Ρ
841 253 951 315 Ego
974 254 1071 299 ista
1094 268 1196 298 non
1214 268 1475 314 quaeram.
1465 252 1483 286 Ρ
1553 243 1682 314 Ego
1723 242 1728 269 ³

450 145 597 195 THE
633 145 954 195 EPISTLES
989 144 1080 194 OF
1115 146 1382 194 SENECA

169 326 403 379 nesciam,
450 320 586 367 unde
643 319 990 367 descenderim
1015 319 1034 365 ?
1130 317 1299 365 Semel
1357 317 1482 365 haec
1539 319 1725 366 1111111>Δ

169 389 386 436 videnda
410 391 526 446 sint,
551 404 616 433 an
640 403 789 449 saepe
813 386 1156 432 nascendum?
1225 384 1340 443 Quo
1364 384 1482 432 hinc
1505 389 1680 437 iturus
1724 419 1725 422 η

170 460 289 503 sim.
279 457 298 491 Ρ
369 454 513 513 Quae
538 454 683 502 sedes
708 460 972 516 exspectet
995 456 1212 499 animam
1231 452 1445 498 solutam
1468 451 1678 514 legibus

171 526 425 570 servitutis
466 522 750 568 humanae?
820 520 974 567 Vetas
1015 535 1097 566 me
1133 519 1271 566 caelo
1312 523 1572 577 interesse,
1612 519 1666 566 id

88 595 143 642 21
173 596 251 636 est
274 591 415 636 iubes
442 606 522 635 me
554 592 719 635 vivere
752 591 916 650 capite
952 586 1203 634 demiS3o?
1274 586 1433 632 Maior
1468 602 1578 632 sum
1613 590 1674 633 ev*
1724 579 1727 637 s

172 657 237 703 ad
281 660 468 703 maiora
513 659 732 718 genitus,
777 671 927 717 quam
974 660 1031 700 ut
1077 657 1380 716 mancipium
1428 656 1519 700 sim
1567 669 1648 700 me
1666 675 1672 707 'r

173 728 406 786 corporiS,
453 723 587 786 quod
647 722 881 785 equidem
940 737 1042 767 non
1096 721 1242 766 aliter
1287 723 1472 782 aspicio
1518 737 1602 783 qu
1628 741 1655 763 ιι

174 791 394 837 vinclum
425 789 629 853 aliquod
663 789 886 835 libertati
922 804 1064 835 meae
1103 787 1478 834 circumdatum.
1555 787 1630 832 Η
1650 808 1666 828 ι

173 862 344 921 itaque
369 873 568 920 oppono
593 856 840 913 fortunae,
865 859 917 901 in
942 871 1051 934 quo·
1065 858 1279 911 resistat,
1304 870 1398 901 nec
1422 870 1512 916 per
1542 854 1655 900 illu

174 925 239 972 ad
262 942 344 971 me
368 925 528 971 ullum
556 926 767 971 transire
800 922 978 969 vulnus
1014 925 1134 969 sin0.
1209 920 1462 984 Quicquid
1499 925 1552 967 in
1586 938 1672 967 m

175 999 344 1055 potest
368 994 597 1037 iniuriam
622 993 743 1053 pati,
769 989 863 1036 hoc
888 996 979 1036 est.
1054 989 1115 1036 In
1145 989 1238 1035 hoc
1267 989 1481 1035 obnoxio
1513 988 1648 1035 domi
1671 1011 1673 1013 ·
1722 1013 1724 1018 v

92 1061 151 1107 22
176 1059 289 1106 cilio
322 1063 515 1105 animus
547 1057 677 1104 liber
707 1057 915 1104 habitat.
992 1056 1277 1119 Numquam
1311 1071 1394 1102 me
1430 1071 1541 1101 caro
1576 1058 1616 1102 is
1651 1077 1656 1095 :

176 1126 432 1189 conpellet
471 1125 536 1172 ad
577 1130 787 1182 metum,
829 1140 1102 1186 numquam
1137 1123 1202 1170 ad
1239 1122 1499 1185 indignam
1539 1123 1673 1169 bono
1719 1146 1728 1190 ;'

177 1193 578 1249 simulationem3
624 1207 898 1254 numquam
930 1193 983 1236 in
1011 1190 1251 1237 honorem
1290 1189 1436 1236 huius
1472 1205 1671 1252 corpus·

178 1261 277 1307 culi
317 1263 546 1307 mentiar.
621 1258 745 1305 Cum
782 1261 941 1304 visum
977 1261 1089 1316 erit,
1125 1255 1399 1304 distraham
1436 1273 1550 1303 cum
1585 1255 1671 1303 illo
1694 1279 1699 1284 ·
1723 1257 1731 1289 ἓ

177 1331 485 1375 societatem.
557 1326 625 1372 Et
671 1341 806 1372 nunc
852 1332 1040 1382 tamen,
1083 1324 1204 1371 dum
1251 1323 1529 1382 haeremus,
1571 1339 1677 1387 non,
1722 1327 1723 1330 ’

178 1398 361 1442 erimus
385 1397 556 1457 aequis
580 1392 804 1456 partibus
829 1395 977 1448 socii,
966 1407 976 1417 ·
1012 1395 1205 1437 animus
1238 1390 1302 1437 ad
1331 1407 1383 1437 se
1416 1407 1565 1438 omne
1595 1391 1686 1438 ius.
1731 1427 1739 1442 ,,,

178 1462 345 1509 ducet.
419 1461 751 1522 Contemptus
775 1462 992 1522 corporis
1017 1461 1091 1505 sui
1116 1465 1253 1505 certa
1277 1457 1480 1505 libertas
1506 1463 1597 1504 est.
1686 1516 1689 1520 λ
1717 1470 1738 1507 ἶ

93 1533 155 1579 23
267 1530 339 1577 Ut
362 1528 427 1575 ad
451 1531 760 1590 propositum
794 1532 1029 1583 rever,tar
1055 1525 1170 1571 huic
1203 1524 1424 1572 libertati
1458 1524 1717 1573 multum
1717 1538 1720 1543 '

179 1595 408 1643 conferet
432 1602 486 1642 et
508 1595 611 1652 illa,
635 1594 700 1640 de
732 1610 832 1656 qua
862 1593 1011 1639 modo
1046 1592 1388 1655 loquebamur,
1412 1595 1692 1654 inspectio·
1708 1594 1733 1654 ξ

181 1663 379 1726 Nempe
397 1666 628 1709 universa
652 1677 715 1708 ex
734 1664 942 1707 materia
961 1666 1014 1706 et
1034 1676 1095 1707 ex
1111 1659 1208 1706 deo
1227 1661 1472 1706 constant.
1536 1658 1674 1705 Deu

178 1734 275 1777 ista
302 1735 568 1793 temperat,
592 1744 720 1791 quae
751 1727 1047 1774 circumfusa
1077 1732 1324 1773 rectorem
1357 1732 1594 1773 secuntur
1622 1741 1678 1773 e
1704 1727 1707 1733 “

179 1797 374 1844 ducem.
438 1796 701 1842 Potentius
718 1801 889 1841 autem
908 1801 986 1841 est
1004 1810 1061 1840 ac
1080 1796 1360 1856 pretiosius,
1379 1792 1514 1855 quod
1539 1792 1659 1839 facit
1714 1787 1729 1842 7

97 1867 158 1914 24
179 1864 315 1927 quod
340 1870 418 1911 est
441 1864 582 1920 deus,
608 1879 757 1925 quam
783 1864 990 1907 materia
1023 1864 1219 1922 patiens
1252 1859 1347 1907 dei.
1422 1858 1588 1917 Quem
1622 1862 1683 1929 in
1716 1850 1726 1876 '¹

1680 1898 1731 1958 ξ’,

231 1990 373 2031 aThe
412 2003 633 2043 sequence
670 1990 722 2031 of
756 1989 973 2031 elements
1013 1989 1129 2030 from
1166 1989 1245 2030 the
1284 1988 1410 2030 earth
1449 1987 1693 2029 outwards
1741 2037 1742 2043 ¹

178 2045 269 2086 and
296 2044 503 2098 upwards
533 2057 624 2085 was
653 2044 795 2091 earth,
827 2047 979 2090 water,
1010 2046 1090 2090 air,
1120 2043 1211 2084 and
1239 2042 1332 2085 fire.
1410 2042 1505 2083 The
1533 2054 1673 2096 upper
1739 2056 1742 2090 1

179 2101 254 2140 fire
283 2112 373 2139 was
404 2098 541 2139 ether.
617 2097 736 2139 Zeno
766 2098 951 2151 (quoted
979 2098 1040 2151 by
1070 2097 1239 2146 Cicero,
1269 2097 1408 2138 Acad.
1442 2098 1468 2138 i.
1507 2099 1568 2138 11.
1601 2096 1671 2147 39)
1725 2103 1729 2106 ”

163 2153 358 2195 refused
394 2156 443 2193 to
481 2151 801 2204 acknowledge
839 2166 866 2192 a
903 2151 1006 2192 fifth
1047 2164 1254 2192 essence.
1302 2151 1516 2191 statuebat
1561 2150 1674 2192 enim

177 2208 320 2261 iynem
348 2220 431 2247 esse
459 2206 603 2260 ipsam
628 2211 853 2254 naturam,
874 2219 982 2259 quae
1001 2219 1187 2260 quaeque
1202 2205 1412 2261 yiqneret,
1433 2209 1472 2245 et
1492 2208 1675 2245 mentem
1727 2222 1730 2227 ·

178 2267 216 2301 et
235 2275 394 2302 sensus.
1694 2286 1700 2292 ·

244 2314 261 2340 ⁶
288 2313 435 2354 The“
449 2314 599 2365 prison
618 2311 670 2353 of
683 2311 762 2353 the
781 2311 941 2374 body’'
959 2312 997 2352 is
1019 2325 1048 2352 a
1070 2311 1279 2365 frequent
1302 2311 1446 2364 figure
1473 2313 1519 2353 in
1547 2311 1670 2355 Stoic
1695 2319 1705 2342 ’-

177 2380 227 2408 as
256 2368 300 2407 in
324 2367 385 2407 all
405 2366 686 2419 philosophy.
741 2365 847 2436 ‚See‚
873 2365 942 2406 for
964 2365 1183 2418 example,
1205 2369 1226 2415 ἓ
1249 2369 1298 2405 16
1327 2365 1380 2406 of
1402 2365 1492 2407 this
1521 2366 1711 2430 letters?

178 2421 300 2461 “the
320 2420 446 2461 soul
436 2434 480 2460 in
501 2419 751 2472 bondagest
1699 2443 1706 2447 --

151 2488 154 2490 ’
244 2474 330 2514 cA
367 2477 660 2514 restatement
689 2472 740 2513 of
773 2472 852 2513 the
884 2474 1090 2525 previous
1125 2471 1303 2513 remark
1335 2473 1467 2514 made
1496 2475 1541 2514 in
1583 2473 1688 2516 this
1732 2496 1733 2506 ι

178 2528 335 2576 letter;
365 2540 441 2569 see
460 2530 566 2569 note
585 2540 644 2568 on
663 2529 684 2576 ς
707 2529 770 2568 ll.

178 2591 276 2640 456
