1742 2872
489 119 636 165 THE
671 119 992 168 EPISTLES
1030 121 1119 168 OF
1156 121 1422 168 SENECA

292 228 438 274 Nunc
473 234 644 275 autem
680 233 894 291 primum
931 229 1056 276 illud
1103 246 1262 292 genus
1305 234 1604 293 quaerimus,
1641 248 1698 278 ex

124 338 147 343 —-
204 325 303 371 quo
340 316 539 357 ceterae
577 314 769 373 species
805 327 1074 374 suspensae
1111 317 1244 368 sunt,
1280 328 1308 356 a
1344 328 1442 373 quo
1484 315 1703 358 nascitur

204 394 364 437 omnis
389 392 581 450 divisio,
600 409 699 454 quo
718 396 948 439 universa
967 409 1242 455 conprensa
1267 399 1397 438 sunt.
1473 392 1701 439 Invenie-

203 478 286 518 tur
325 480 512 531 autem,
551 478 589 520 si
634 479 942 536 coeperimus
985 474 1182 536 singula
1214 479 1347 520 retro
1381 473 1581 536 legere3
1634 478 1703 520 sic

149 556 178 603 9
203 558 337 599 enim
374 555 708 617 perducemur
748 555 810 601 ad
850 559 1077 617 primum.
1169 555 1336 600 Homo
1379 558 1569 617 species
1609 561 1701 613 est,
1739 551 1742 554 ¹

202 641 260 682 ut
295 635 594 683 Aristoteles
628 640 729 693 ait;
777 653 934 699 equus
970 640 1161 699 species
1187 642 1295 692 est3
1343 639 1477 682 canis
1513 640 1703 698 species

203 722 280 763 est
298 733 310 773 ;
369 734 488 781 ergo
540 734 805 765 commune
861 718 1063 781 aliquod
1110 718 1454 781 quaerendum
1502 724 1579 765 est
1626 718 1702 764 his

202 799 432 845 omnibus
468 800 739 857 vinculum,
775 799 907 862 quod
945 799 1030 845 illa
1066 799 1412 861 conplectatur
1446 805 1500 846 et
1533 799 1625 845 sub
1649 815 1702 846 se

202 877 400 926 habeat.
490 881 604 927 Hoc
629 880 750 944 quid
776 882 889 927 est?
960 880 1175 926 Animal.
1251 880 1383 942 Ergo
1408 895 1567 942 genus
1593 896 1701 927 esse
1726 870 1739 914 ’ἶ

203 964 370 1023 coepit
404 961 583 1008 horum
618 965 858 1020 omnium,
895 977 1023 1024 quae
1059 961 1210 1008 modo
1243 960 1434 1018 rettuli,
1470 961 1702 1020 hominis,

119 1046 178 1093 10
202 1045 335 1104 equi,
365 1046 516 1101 canis,
540 1042 737 1089 animal.
813 1041 912 1090 Sed
947 1042 1194 1106 quaedam
1211 1042 1228 1073 ¹
1261 1046 1478 1088 animam
1511 1041 1701 1089 habent

201 1138 295 1169 nec
330 1130 449 1171 sunt
484 1124 729 1170 animalia.
818 1123 991 1171 Placet
1041 1127 1175 1170 enim
1223 1127 1341 1171 satis
1388 1129 1442 1170 et
1487 1123 1700 1170 arbustis

199 1207 415 1252 animam
441 1209 617 1253 inesse.
695 1205 871 1268 Itaque
897 1211 952 1252 et
969 1208 1134 1252 vivere
1155 1205 1239 1251 illa
1258 1211 1312 1252 et
1330 1208 1453 1251 mori
1472 1205 1695 1252 dicimus.

201 1285 335 1349 Ergo
367 1291 641 1333 animantia
677 1290 982 1349 superiorem
1015 1287 1267 1333 tenebunt
1299 1285 1481 1344 locum,
1506 1289 1622 1349 quia
1645 1292 1700 1334 et

199 1368 433 1415 animalia
446 1372 499 1415 in
515 1369 608 1415 hac
626 1369 784 1416 forma
799 1375 917 1415 sunt
933 1374 988 1415 et
1002 1374 1122 1415 sata.
1156 1366 1257 1415 Sed
1274 1367 1519 1431 quaedam
1535 1371 1699 1414 anima
1740 1392 1742 1415 ι

199 1456 388 1508 carent,
425 1457 482 1497 ut
518 1467 645 1497 saxa.
745 1450 923 1513 Itaque
960 1454 1056 1496 erit
1097 1449 1285 1512 aliquid
1328 1449 1698 1496 animantibus²
1740 1450 1742 1509 ξ

196 1534 466 1594 antiquius,
486 1549 662 1595 corpus
686 1532 892 1580 scilicet.
969 1531 1082 1578 Hoc
1107 1534 1175 1578 sic
1200 1531 1435 1588 dividam,
1454 1537 1513 1578 ut
1534 1530 1697 1577 dicam
1738 1523 1742 1570 1

198 1629 403 1676 corpora
460 1618 626 1661 omnia
684 1620 773 1660 aut
831 1616 1106 1660 animantia
1164 1629 1271 1660 esse
1329 1619 1417 1660 aut
1463 1615 1693 1662 inanima.
1737 1641 1742 1694 Ι

118 1696 171 1744 11
198 1695 502 1743 Etiamnunc
522 1702 600 1743 est
618 1694 807 1759 aliquid
826 1698 1052 1757 superius
1071 1711 1221 1758 quam
1241 1711 1429 1757 corpus.
1474 1694 1695 1741 Dicimus
1736 1721 1742 1761 1

197 1781 333 1823 enim
357 1778 603 1841 quaedam
629 1777 901 1840 corporalia
925 1793 1052 1835 esse,
1076 1776 1322 1840 quaedam
1356 1775 1691 1839 incorporalia.
1737 1787 1742 1813 ³

196 1857 333 1917 Quid
360 1876 479 1922 ergo
504 1863 616 1916 erit,
640 1875 702 1906 ex
727 1875 826 1921 quo
851 1858 975 1905 haec
999 1858 1348 1905 deducantur?
1444 1857 1591 1914 Illud,
1616 1861 1692 1904 cui

196 1957 381 1988 nomen
402 1941 550 1988 modo
566 1957 739 2004 parum
760 1943 1012 2003 proprium
1032 1943 1355 2002 inposuimus,
1371 1944 1402 1966 “
1418 1939 1550 2002 quod
1568 1939 1692 1987 est.'’

197 2021 278 2068 Sic
321 2026 456 2069 enim
495 2026 546 2069 in
588 2025 779 2084 species
821 2022 1086 2079 secabitur,
1128 2028 1185 2068 ut
1225 2021 1475 2067 dicamus:
1514 2020 1691 2083 “quod

198 2111 276 2152 est
293 2104 319 2120 ''
347 2112 435 2151 aut
460 2103 712 2167 corporale
739 2109 816 2151 est
840 2109 929 2150 aut
952 2102 1274 2166 incorporale.

114 2188 173 2235 12
280 2186 393 2233 Hoc
427 2202 546 2248 ergo
576 2191 653 2232 est
682 2201 842 2247 genus
875 2187 1088 2247 primum
1115 2190 1168 2231 et
1192 2187 1591 2246 antiquissimum
1623 2189 1691 2240 et,

196 2274 255 2315 ut
279 2271 349 2314 ita
373 2268 551 2324 dicam,
577 2265 826 2329 generale.
902 2265 1082 2312 Cetera
1105 2281 1292 2328 genera
1324 2264 1526 2327 quidem
1558 2270 1690 2320 sunt,
1728 2262 1730 2278 '

359 2375 372 2401 ¹
402 2376 613 2430 quaedam
633 2374 743 2415 later
764 2373 893 2415 MSS.
916 2389 928 2421 ς
956 2374 1168 2426 quaedam
1186 2386 1293 2426 quae
1313 2371 1511 2425 pLVPb.

505 2430 521 2454 2
551 2428 708 2469 Hense
728 2428 1007 2480 conjectures
1029 2433 1066 2468 et
1086 2427 1389 2468 animantibus.

578 2529 599 2548 ⁶
631 2521 870 2574 Cateyories
889 2522 913 2560 Ξ
936 2519 964 2559 b
988 2523 1032 2559 ll
1054 2518 1144 2559 and
1163 2518 1301 2559 osten.

195 2595 293 2642 392
