1742 2872
501 130 647 176 THE
685 130 1004 178 EPISTLES
1042 130 1131 177 OF
1167 130 1430 178 SENECA

219 244 576 299 existimamus,
596 245 682 305 qui
701 259 875 304 parum
891 242 1063 288 valent
1080 245 1133 287 in
1152 245 1296 288 unius
1316 241 1434 288 elati
1456 240 1690 288 solacium

121 334 146 340 ·’
219 326 259 369 si
283 340 386 369 non
410 323 671 382 habemus,
696 327 934 370 maiorem
966 326 1198 369 iniuriam
1221 326 1315 384 ipsi
1339 323 1482 369 nobis
1506 321 1657 368 fecim

218 421 367 467 quam
393 421 422 450 a
446 403 647 451 fortuna
682 408 995 467 accepimus3
1042 403 1129 451 illa
1164 421 1318 451 unum
1355 404 1578 459 abstulit,
1609 419 1703 449 no
1736 424 1738 434 ¹

135 487 188 534 11
218 501 586 549 quemcumque
606 503 702 532 non
726 486 948 533 fecimus.
1022 485 1223 533 Deinde
1249 502 1313 532 ne
1338 499 1494 531 unum
1512 485 1664 548 quide
1696 510 1701 525 ε
1734 523 1739 536 ,

219 571 367 614 nimis
390 572 591 626 amavit,
617 571 701 630 qui
728 569 839 631 plus
863 584 1014 631 quam
1037 584 1194 614 unum
1219 583 1384 613 amare
1409 583 1510 612 non
1535 569 1676 628 potui
1691 584 1703 604 ν·
1734 621 1740 640 τ

220 647 273 695 Si
297 653 407 712 quis
432 650 739 713 despoliatus
772 653 950 696 amissa
979 653 1126 696 unica
1154 653 1326 695 tunica
1349 649 1639 711 conplorare
1668 682 1677 689 -
1699 681 1704 688 -

219 731 360 778 malit
384 748 534 795 quam
559 735 954 794 circumspicere,
978 730 1229 794 quomodo
1253 730 1410 793 frigus
1434 730 1640 792 effugiat
1674 749 1683 755 -
1734 760 1738 771 ι

218 812 408 876 aliquid
431 817 672 871 inveniat,
692 829 790 876 quo
815 818 959 876 tegat
982 811 1224 875 scapulaS,
1245 827 1414 859 nonne
1438 812 1531 858 tibi
1551 810 1664 858 vide
1674 832 1700 852 ι,

219 900 302 942 tur
325 895 683 943 stultissimus?
1690 896 1692 898 ’

305 975 472 1035 Quem
519 977 736 1034 amabas,
792 975 1050 1032 extulisti3
1107 991 1310 1038 quaere,
1357 990 1508 1037 quem
1564 990 1690 1020 am·

136 1057 196 1103 12
221 1056 387 1105 Satius
423 1064 502 1105 est
536 1061 751 1104 amicum
786 1072 1015 1119 reparare
1051 1072 1202 1120 quam
1236 1055 1367 1103 flere.
1458 1053 1571 1102 Scio
1608 1071 1670 1117 pe
1729 1082 1735 1100 ι

221 1142 399 1186 tritum
429 1143 528 1185 iam
558 1139 653 1186 hoc
684 1155 811 1196 esse,
837 1137 971 1201 quod
1001 1137 1287 1185 adiecturus
1317 1153 1442 1194 sum,
1468 1153 1571 1183 non
1602 1136 1685 1183 id
1725 1127 1737 1199 ‘3

220 1226 392 1267 tamen
427 1223 843 1284 praetermittam,
878 1223 994 1283 quia
1029 1220 1092 1266 ab
1127 1219 1358 1266 omnibus
1382 1218 1575 1265 dictum
1610 1234 1662 1266 es
1691 1244 1695 1247 ·
1732 1203 1735 1210 ’

220 1301 370 1349 finem
391 1302 596 1350 dolendi
621 1306 774 1350 etiam
799 1305 884 1365 qui
909 1301 1114 1348 consilio
1138 1317 1240 1347 non
1264 1299 1470 1358 fecerat,
1492 1306 1662 1363 tempo

220 1387 427 1431 invenit.
503 1384 863 1446 Turpissimum
881 1387 1053 1430 autem
1072 1385 1221 1429 estin
1238 1381 1442 1429 homine
1466 1381 1662 1444 pruden
1704 1415 1715 1436 ,-

221 1465 499 1512 remedium
525 1469 759 1512 maeroris
783 1464 1024 1511 lassitudo
1048 1463 1318 1510 maerendi.
1410 1463 1544 1509 Malo
1568 1462 1659 1510 reli
1690 1463 1712 1511 ς

219 1562 340 1609 quas
356 1547 580 1594 dolorem
596 1563 745 1610 quam
761 1547 825 1593 ab
841 1545 926 1592 illo
942 1546 1252 1609 relinquaris,
1269 1551 1322 1592 et
1336 1561 1483 1608 quam
1504 1548 1664 1607 primu
1678 1531 1710 1587 vs
1741 1560 1742 1566 ¹

219 1627 272 1674 id
297 1627 461 1675 facere
488 1628 691 1687 desiste,
716 1627 852 1691 quod
884 1631 1037 1674 etiam
1062 1630 1102 1674 si
1126 1626 1279 1685 voles,
1303 1625 1388 1672 diu
1422 1626 1586 1673 facere
1614 1642 1703 1673 no
1737 1633 1741 1673 Ι

138 1712 195 1759 13
219 1714 420 1772 poteris.
510 1711 714 1756 Annum
753 1709 953 1756 feminis
991 1709 1055 1756 ad
1094 1707 1372 1772 lugendum
1411 1710 1700 1754 constituet

218 1795 444 1850 maiores,
481 1809 580 1838 non
621 1798 676 1839 ut
711 1798 814 1838 tam
851 1791 936 1838 diu
972 1790 1224 1854 lugerent,
1260 1789 1351 1837 sed
1386 1805 1451 1836 ne
1498 1789 1686 1836 diutius
1725 1768 1740 1873 51

222 1876 334 1919 viris
381 1874 577 1920 nullum
624 1874 908 1936 legitimum
958 1879 1157 1936 tempus
1205 1877 1299 1930 est,
1347 1875 1464 1935 quia
1522 1871 1686 1918 nullu·
1733 1882 1738 1939 ᾗ

221 1953 503 2003 honestum.
601 1954 765 2014 Quam
802 1961 974 2002 tamen
1010 1954 1132 2000 mihi
1170 1970 1231 2001 ex
1268 1953 1364 2000 illis
1412 1951 1688 2000 muliercul’
1732 1944 1737 2007 ἰ

219 2036 360 2083 dabis
384 2041 465 2084 vix
490 2041 719 2084 retractis
743 2054 772 2083 a
794 2053 933 2099 rogo,
958 2039 1038 2083 vix
1063 2053 1092 2082 a
1116 2035 1356 2082 cadavere
1388 2035 1611 2093 revulsis,
1635 2051 1662 2081 c
1731 2035 1736 2085 Ι

218 2117 449 2166 lacrimae
485 2123 535 2165 in
575 2126 737 2166 totum
773 2134 998 2166 mensem
1035 2117 1359 2164 duraverint?
1453 2116 1602 2163 Nulla
1638 2133 1690 2163 r
1722 2092 1735 2166 ,Ι

285 2329 304 2347 ‘¹
334 2320 428 2361 The
457 2334 613 2362 reason
645 2322 697 2368 is,
725 2333 774 2361 as
804 2319 982 2373 Lipsius
1011 2319 1244 2365 observed‚
1271 2318 1372 2359 that
1400 2317 1648 2372 friendship
1691 2323 1694 2326 “

220 2375 476 2428 essentially
496 2389 524 2415 a
544 2374 678 2416 social
698 2376 856 2421 virtue,
879 2373 968 2414 and
995 2374 1031 2414 is
1052 2376 1132 2414 not
1149 2372 1357 2414 confined
1375 2376 1423 2414 to
1443 2386 1528 2413 one
1547 2373 1692 2426 objec

219 2429 315 2470 The
338 2429 584 2482 pretended
611 2428 857 2481 friendship
884 2428 953 2468 for
971 2441 1057 2468 one
1076 2427 1165 2468 and
1185 2427 1291 2480 only
1311 2440 1396 2468 one
1423 2429 1459 2468 is
1479 2441 1506 2468 a
1531 2427 1644 2468 form
1672 2445 1681 2462 ι
1726 2438 1729 2448 '

220 2483 437 2530 sels-love,
459 2483 549 2524 and
569 2485 605 2524 is
626 2487 705 2524 not
725 2481 936 2523 unselfish
958 2482 1068 2523 love.

287 2540 303 2564 ¹²
332 2537 588 2591 According
599 2541 646 2579 to
659 2537 887 2584 tradition,
896 2536 1011 2577 from
1023 2535 1101 2577 the
1113 2537 1221 2577 time
1228 2536 1279 2576 of
1290 2535 1328 2576 N
1337 2549 1439 2575 uma
1453 2535 1652 2589 Pompilii
1680 2567 1682 2570 ,

221 2609 319 2649 434
