1742 2872
478 122 626 170 THE
661 122 980 171 EPISTLES
1018 123 1107 170 OF
1143 123 1408 170 SENECA

198 236 405 290 eminet,
430 235 532 279 sive
556 232 745 295 aliquid
769 248 832 279 ex
863 235 971 278 istis
996 231 1075 278 vel
1099 235 1266 278 omnia
1291 248 1430 279 casus
1456 237 1688 291 excussit,

146 314 170 319 ““
199 303 360 346 minor
382 315 484 345 non
507 299 576 346 fit.

147 365 176 415 7
283 366 334 413 Si
380 370 433 412 in
481 365 682 412 Parthia
727 372 874 412 natus
922 372 1070 423 esset,
1106 382 1275 411 arcum
1315 365 1478 412 infans
1520 371 1689 414 statim

197 433 467 489 tenderet;
525 437 565 479 si
612 437 664 478 in
712 432 996 490 Germania,
1032 436 1257 495 protinus
1294 449 1419 495 puer
1458 441 1689 480 tenerum

200 500 380 546 hastile
428 501 673 555 vibraret3
734 503 774 545 si
814 516 1014 546 avorum
1059 506 1339 546 nostrorum
1382 501 1689 563 temporibus

199 567 392 625 fuisset,
440 570 664 629 equitare
724 573 778 613 et
836 566 1034 612 hostem
1093 570 1368 614 comminus
1426 575 1689 629 percutere

198 634 469 680 didicisset.
522 633 666 680 Haec
685 633 892 695 singulis
912 633 1175 695 disciplina
1190 637 1357 696 gentis
1376 650 1493 681 suae
1513 635 1690 681 suadet

149 697 180 745 8
198 707 350 764 atque
392 705 619 762 imperat.
693 699 830 757 Quid
871 716 989 763 ergo
1031 700 1146 746 huic
1188 701 1535 747 meditandum
1578 705 1691 748 est?
1740 751 1742 764 Ι

200 766 350 824 Quod
398 768 632 814 adversus
679 771 846 813 omnia
891 767 1010 824 tela,
1058 767 1193 830 quod
1250 767 1485 815 adversus
1542 785 1690 816 omne
1738 786 1742 835 ᾗ

198 835 419 881 hostium
442 851 602 898 genus
627 835 758 881 bene
790 833 928 892 facit,
952 840 1167 881 mortem
1199 841 1538 893 contemnere,
1563 852 1691 898 quae
1739 850 1742 904 Ι

198 905 320 964 quin
366 901 552 948 habeat
592 901 782 964 aliquid
821 905 875 948 in
921 918 974 948 se
1021 902 1261 959 terribile,
1298 908 1355 948 ut
1402 908 1454 948 et
1501 907 1690 949 animos
1739 906 1742 933 ³

196 975 409 1026 nostros,
428 985 551 1031 quos
574 971 628 1014 in
651 985 870 1015 amorem
895 972 971 1015 sui
994 975 1173 1014 natura
1190 969 1436 1027 formavit,
1455 969 1691 1028 offendat,
1739 1026 1742 1031 ι

197 1052 348 1082 nemo
383 1036 612 1092 dubitat3
648 1052 743 1082 nec
777 1039 912 1082 enim
944 1052 1067 1098 opus
1093 1042 1226 1082 esset
1260 1039 1313 1081 in
1345 1036 1397 1082 id
1422 1041 1691 1100 comparari

199 1110 253 1150 et
275 1107 401 1160 acui,
425 1106 479 1149 in
503 1102 638 1166 quod
661 1106 905 1149 instinctu
941 1103 1158 1165 quodam
1190 1102 1468 1150 voluntario
1491 1107 1691 1162 iremus,

146 1172 174 1218 9
198 1173 327 1217 sicut
351 1169 581 1217 feruntur
612 1185 785 1217 omnes
816 1169 880 1216 ad
914 1173 1341 1216 conservationem
1367 1173 1454 1216 sui.
1530 1171 1692 1218 Nemo

197 1237 361 1295 discit,
402 1243 461 1283 ut
507 1240 548 1283 si
593 1253 799 1284 necesse
852 1236 1020 1294 fuerit,
1067 1253 1228 1300 aequo
1273 1240 1440 1283 animo
1485 1241 1538 1284 in
1583 1254 1692 1284 rosa

197 1307 374 1362 iaceat,
393 1304 483 1350 sed
501 1307 554 1350 in
572 1303 667 1350 hoc
687 1304 909 1361 duratur,
930 1310 986 1350 ut
1003 1307 1270 1351 tormentis
1289 1321 1390 1350 non
1409 1308 1691 1352 summittat

197 1371 364 1429 fidem,
406 1378 465 1418 ut
505 1374 546 1417 si
586 1387 792 1418 necesse
835 1370 1003 1428 fuerit,
1045 1377 1182 1417 stans
1230 1374 1381 1417 etiam
1423 1372 1691 1434 aliquando

197 1442 391 1485 saucius
439 1455 528 1500 pro
586 1438 716 1485 vallo
772 1438 1041 1501 pervigilet
1099 1444 1154 1485 et
1209 1455 1274 1485 ne
1331 1438 1433 1501 pilo
1485 1439 1690 1501 quidem
1712 1373 1742 1521 1

195 1506 471 1563 incumbat,
512 1509 629 1569 quia
679 1505 808 1552 solet
854 1506 1095 1567 obrepere
1141 1509 1345 1552 interim
1392 1522 1592 1553 somnus
1638 1510 1691 1553 in
1734 1527 1742 1541 v

195 1572 398 1635 aliquod
421 1572 780 1619 adminiculum
804 1572 1070 1619 reclinatis.

283 1641 418 1686 Mors
468 1640 664 1686 nullum
715 1639 871 1687 habet
922 1639 1324 1695 incommodum3
1391 1656 1499 1686 esse
1555 1642 1688 1687 enim

113 1706 173 1752 10
196 1707 353 1754 debet
409 1707 635 1769 aliquid,l
682 1711 820 1753 cuius
861 1710 927 1754 sit
973 1706 1356 1753 incommodum.
1453 1705 1603 1764 Quod
1649 1710 1686 1753 si

196 1780 339 1820 tanta
374 1774 620 1836 cupiditas
657 1780 710 1820 te
746 1773 981 1837 longioris
1015 1773 1125 1820 aevi
1159 1780 1322 1831 tenet,
1357 1778 1523 1836 cogita
1562 1774 1687 1820 nihil
1726 1799 1729 1811 2

196 1857 384 1898 eorum,
409 1857 537 1904 quae
570 1842 633 1887 ab
668 1841 822 1888 oculis
857 1841 1048 1887 abeunt
1080 1847 1134 1888 et
1168 1844 1221 1887 in
1253 1857 1418 1888 rerum
1443 1847 1688 1900 naturam,
1713 1829 1735 1997 ῐ

1724 2010 1730 2087 1

261 2094 282 2114 ⁶
310 2085 376 2126 As
404 2099 432 2126 a
461 2085 654 2132 Roman,
684 2085 822 2137 living
850 2087 895 2125 in
928 2099 987 2126 an
1015 2099 1100 2138 age
1135 2085 1263 2126 when
1295 2085 1562 2139 philosophy
1596 2100 1686 2127 was
1726 2091 1729 2137 ξ

196 2139 540 2181 recommended
559 2139 649 2180 and
668 2138 936 2191 prescribed.
1725 2148 1727 2154 ’

263 2196 280 2221 ¹²
307 2194 398 2241 i.e.‚
420 2193 457 2233 if
474 2193 609 2234 death
629 2193 827 2246 inspired
846 2206 904 2233 no
923 2196 1076 2234 terror.

263 2255 280 2274 ⁰
307 2247 414 2288 And
442 2249 565 2288 since
592 2247 709 2288 after
737 2247 873 2287 death
901 2260 970 2287 we
997 2247 1055 2287 do
1085 2250 1165 2287 not
1192 2249 1322 2294 exist,
1354 2247 1489 2288 death
1519 2251 1686 2289 cannot
1722 2253 1725 2292 ἔ

196 2302 253 2343 be
281 2301 476 2342 harmful
503 2304 551 2342 to
581 2314 646 2343 us.
707 2300 879 2343 Seneca
907 2300 989 2342 has
1022 2303 1068 2341 in
1102 2301 1227 2341 mind
1258 2301 1336 2342 the
1366 2305 1604 2354 argument
1637 2302 1690 2343 of

196 2355 416 2408 Epicurus
449 2355 695 2408 (Diogenes
725 2354 946 2401 Laertius,
985 2369 1027 2396 x.
1074 2355 1240 2407 124-5):
1283 2360 1311 2378 ‘⁶
1330 2354 1571 2396 Therefore
1606 2356 1685 2396 the
1717 2366 1721 2381 ¹

196 2413 316 2450 most
344 2409 718 2461 dread‹inspiring
746 2409 798 2449 of
820 2408 881 2448 all
909 2408 1032 2455 evils,
1065 2408 1217 2455 death,
1239 2410 1277 2449 is
1306 2409 1496 2462 nothing
1523 2413 1570 2450 to
1599 2422 1683 2458 us;
1717 2417 1721 2445 Ξ

195 2464 265 2504 for
293 2463 420 2503 when
451 2477 518 2503 we
547 2464 676 2508 exist,
708 2462 845 2502 death
874 2464 911 2503 is
941 2465 1021 2502 not
1047 2465 1227 2515 present
1260 2465 1308 2503 to
1336 2475 1405 2510 us,
1436 2463 1526 2503 and
1554 2463 1682 2504 when

195 2517 331 2558 death
360 2519 397 2558 is
426 2521 622 2570 present,
644 2517 752 2557 then
781 2529 847 2556 we
876 2516 933 2556 do
963 2518 1042 2556 not
1061 2518 1189 2557 exist.
1249 2516 1489 2558 Therefore
1517 2519 1552 2558 it
1580 2517 1685 2558 does
1716 2512 1719 2527 s

197 2589 294 2631 250

556 1937 570 1962 ¹
599 1938 766 1991 aliquid
785 1937 979 1984 editors;
1010 1937 1167 1991 aliquis
1187 1937 1316 1980 MSS.
