1742 2872
491 157 639 204 THE
676 158 997 206 EPISTLES
1035 159 1124 206 OF
1160 159 1426 207 SENECA

158 309 181 314 a
211 264 363 312 Vides
399 266 639 328 quosdam
675 273 908 330 optantes
943 274 1174 326 mortem,
1216 275 1269 315 et
1309 268 1514 331 quidem
1549 273 1706 332 magis

209 363 359 409 quam
406 351 567 410 rogari
617 348 747 395 solet
793 353 907 396 vita.
1007 350 1188 396 Nescio
1239 356 1376 396 utros
1424 353 1706 397 existimem

208 432 446 475 maiorem
470 430 613 475 nobis
645 433 866 476 animum
900 430 1035 487 dare,
1068 434 1153 493 qui
1186 431 1467 492 deposcunt
1494 438 1707 478 mortem

208 526 273 556 an
308 513 394 573 qui
429 510 611 557 hilares
647 527 757 557 eam
799 514 1057 575 quietique
1094 516 1437 574 opperiuntur,
1474 516 1708 575 quoniam

208 590 334 637 illud
359 607 421 637 ex
445 592 580 638 rabie
605 592 860 638 interdum
883 610 941 639 ac
973 597 1238 656 repentina
1264 593 1612 656 indignatione
1637 594 1708 652 fit,

210 671 334 718 haec
361 688 422 718 ex
446 672 629 719 iudicio
654 679 792 719 certo
825 674 1158 737 tranquillitas
1184 681 1273 721 est.
1347 674 1502 721 Venit
1533 675 1710 738 aliquis

210 754 274 800 ad
309 760 523 801 mortem
558 758 742 812 iratus3
783 762 997 802 mortem
1032 760 1324 802 venientem
1357 773 1507 802 nemo
1544 755 1710 803 hilaris

213 839 416 898 excipit,
440 839 535 882 nisi
560 839 646 899 qui
671 852 723 882 se
748 836 813 883 ad
835 837 973 883 illam
998 837 1084 883 diu
1109 844 1467 900 composuerat.

130 917 190 963 13
298 916 479 963 Fateor
504 933 622 980 ergo
647 917 712 964 ad
747 917 1002 965 hominem
1035 918 1160 965 mihi
1192 935 1358 965 carum
1393 935 1455 965 ex
1489 919 1710 981 pluribus

214 1015 295 1045 me
337 1002 494 1045 causis
531 999 844 1062 frequentius
880 1004 1091 1058 venisse,
1135 1007 1191 1047 ut
1233 1004 1425 1058 scirem,
1466 1018 1530 1046 an
1570 1001 1711 1047 illum

214 1083 401 1126 totiens
443 1080 662 1127 eundem
704 1084 1000 1139 invenirem,
1043 1081 1288 1145 numquid
1336 1098 1447 1128 cum
1497 1085 1711 1144 corporis

214 1162 397 1207 viribus
440 1165 751 1209 minueretur
790 1166 943 1209 animi
986 1167 1135 1226 vigor.
1209 1163 1309 1221 Qui
1346 1167 1414 1210 sic
1457 1164 1711 1210 crescebat

212 1243 303 1301 illi,
350 1243 600 1306 quomodo
653 1243 963 1290 manifestior
1008 1248 1171 1291 notari
1227 1244 1355 1291 solet
1410 1247 1712 1306 agitatorum

213 1324 422 1382 laetitia,
459 1342 572 1387 cum
598 1329 823 1387 ,septimo
866 1328 1026 1387 spatio
1061 1325 1258 1388 palmae
1293 1325 1708 1388 adpropinquant.

131 1410 191 1455 14
216 1406 433 1453 Dicebat
475 1407 679 1470 quidem
721 1407 806 1453 ille
849 1407 1053 1469 Epicuri
1095 1411 1375 1469 praeceptis
1415 1407 1712 1469 obsequens,

215 1492 430 1551 primum
462 1505 660 1551 sperare
693 1505 746 1535 se
781 1488 977 1534 nullum
1013 1488 1236 1536 dolorem
1271 1504 1380 1535 esse
1418 1491 1469 1534 in
1504 1487 1591 1534 illo
1629 1503 1712 1534 ex-

215 1576 376 1617 tremo
412 1569 670 1626 anhelitu;
717 1574 758 1617 si
790 1576 962 1617 tamen
998 1577 1148 1628 esset,
1180 1570 1367 1617 habere
1401 1569 1712 1632 aliquantum

215 1655 266 1698 in
314 1656 421 1714 ipsa
467 1653 714 1699 brevitate
763 1652 942 1698 solacii.
1042 1652 1248 1699 Nullum
1303 1655 1437 1698 enim
1490 1650 1712 1697 dolorem

216 1734 422 1795 longum
448 1750 572 1791 esse,
597 1737 683 1796 qui
707 1750 917 1796 magnus
942 1740 1032 1780 est.
1108 1733 1343 1780 Ceterum
1369 1747 1712 1779 succursurum

215 1816 307 1861 sibi
356 1819 508 1862 etiam
555 1819 608 1861 in
653 1819 760 1877 ipsa
806 1815 1131 1862 distractione
1182 1818 1334 1861 animi
1381 1817 1712 1876 corporisque,

215 1900 255 1943 si
303 1913 416 1942 cum
464 1900 684 1943 cruciatu
732 1896 785 1943 id
831 1896 990 1954 fieret,
1037 1903 1151 1959 post
1201 1896 1343 1943 illum
1391 1895 1614 1942 dolorem
1659 1911 1713 1941 se

216 1978 387 2024 dolere
429 1995 530 2024 non
577 1995 733 2040 posse.
810 1978 922 2024 Non
972 1978 1204 2024 dubitare
1256 1984 1426 2024 autem
1481 1993 1551 2035 se,
1592 1979 1713 2039 quin

217 2061 386 2107 senilis
423 2063 589 2106 anima
625 2063 678 2105 in
725 2062 896 2122 primis
936 2059 1086 2106 labris
1128 2065 1262 2106 esset
1303 2076 1398 2106 nec
1438 2074 1621 2120 magna
1666 2059 1714 2103 vi

216 2140 580 2188 distraheretur
641 2158 671 2186 a
728 2157 946 2203 corpore.
1043 2146 1075 2168 “
1093 2141 1246 2203 Ignis,
1311 2144 1396 2203 qui
1456 2135 1711 2186 alentem¹

217 2226 475 2269 materiam
535 2226 812 2284 occupavit,
865 2238 993 2284 aqua
1039 2228 1092 2268 et
1138 2221 1392 2267 interdum
1439 2223 1581 2266 ruina
1627 2206 1742 2264 eir<-¹

482 2343 497 2368 ¹
526 2343 710 2384 alentem
728 2341 1038 2388 Cornelissen3
1068 2341 1279 2382 valentem
1298 2339 1429 2381 MSS.

551 2514 572 2533 a
599 2508 687 2551 i.e.‚
711 2505 839 2545 when
860 2518 916 2545 on
937 2504 1015 2544 the
1035 2503 1168 2544 home
1190 2503 1373 2545 stretch.

718 2561 734 2585 ¹²
763 2559 798 2600 F
802 2573 893 2611 rag.
919 2561 999 2598 503
1022 2558 1212 2599 Usener.

219 2634 314 2675 218
