1742 2872
468 170 616 218 THE
652 171 971 220 EPISTLES
1009 172 1099 219 OF
1134 172 1400 220 SENECA

100 275 190 322 16-Ἴ
271 279 503 343 Percepit
527 285 841 344 sapientiam,
866 286 907 329 si
938 286 1048 345 quis
1081 289 1185 329 tam
1219 299 1419 329 securus
1442 286 1683 329 morietur

185 382 335 429 quam
353 372 602 426 nascitur;
637 386 772 416 nunc
792 387 908 417 vero
926 370 1253 432 trepidamus,
1272 387 1386 416 cum
1404 370 1681 432 periculum

185 459 409 514 accessit,
455 473 558 503 non
617 461 811 504 animus
870 459 1029 516 nobiS‚
1087 474 1189 504 non
1259 458 1394 503 color
1457 464 1682 514 constat3

186 542 418 590 lacrimae
450 544 576 590 nihil
607 545 899 608 profuturae
932 546 1134 592 cadunt.
1208 544 1344 603 Quid
1378 552 1455 592 est
1490 549 1685 608 turpius
1739 596 1742 633 !

186 647 336 694 quam
381 636 434 678 in
486 636 593 695 ipso
645 633 818 681 limine
871 638 1152 682 securitatis
1211 650 1320 681 esse
1379 634 1683 681 sollicitum?
1738 622 1742 683 l

103 709 161 758 17
187 718 344 766 Causa
367 727 540 767 autem
565 720 689 767 haec
714 727 809 779 est,
833 721 968 784 quod
992 725 1167 768 inanes
1191 725 1415 768 omnium
1439 722 1683 768 bonorum
1737 710 1742 775 ἑ

186 822 370 865 sumus,
408 811 540 855 vitae
581 812 770 856 iactura
786 809 803 839 1
844 808 1136 856 laboramus.
1212 809 1327 855 Non
1369 813 1503 856 enirn
1550 809 1684 872 apud

185 912 275 942 nos
299 912 410 958 pars
435 899 541 943 eius
568 896 668 943 ulla
693 897 919 944 subsedit
936 916 950 958 3
986 902 1274 944 transmissa
1299 905 1378 945 est
1401 904 1454 944 et
1479 897 1680 944 effluxit.

188 982 350 1029 Nemo
385 1000 535 1046 quam
570 970 702 1031 bene
737 988 887 1043 vivat,
923 985 1013 1031 sed
1047 1001 1197 1048 quam
1239 985 1342 1042 diu,
1378 991 1534 1043 curat,
1570 1001 1684 1031 cum

186 1071 416 1118 omnibus
457 1076 614 1134 possit
650 1076 962 1136 contingere,
999 1079 1056 1119 ut
1091 1074 1223 1120 bene
1260 1076 1446 1131 vivant,
1483 1078 1539 1119 ut
1580 1072 1684 1130 diu,

186 1158 325 1205 nulli.
398 1159 548 1207 VALE.

837 1319 1033 1367 XXIII.

522 1449 715 1498 SENECA
755 1451 956 1498 chuxo
992 1467 1078 1498 svo
1114 1466 1331 1498 SALVTEM

135 1576 158 1624 l
274 1583 423 1629 Putas
446 1599 528 1629 me
554 1583 647 1629 tibi
671 1585 988 1644 scripturum,
1013 1598 1163 1645 quam
1187 1581 1406 1629 humane
1424 1581 1682 1628 nobiscum

185 1671 381 1734 hiemps
418 1675 596 1734 egerit,
621 1687 749 1734 quae
787 1676 840 1716 et
871 1674 1075 1717 remissa
1110 1669 1208 1717 fuit
1240 1676 1293 1717 et
1329 1671 1508 1728 brevis,
1533 1687 1682 1734 quam

183 1760 459 1822 malignum
491 1775 579 1806 ver
602 1763 683 1817 sit,
708 1775 858 1822 quam
882 1765 1259 1821 praeposterum
1282 1758 1455 1822 frigus,
1480 1765 1534 1805 et
1561 1759 1682 1805 alias

182 1852 398 1911 ineptias
423 1849 574 1895 verba
596 1850 944 1910 quaerentium
964 1849 983 1893 ?
1052 1847 1162 1910 Ego
1181 1863 1296 1893 vero
1320 1847 1526 1910 aliquid,
1545 1847 1679 1911 quod

184 1944 239 1985 et
260 1937 385 1983 mihi
410 1943 464 1984 et
487 1936 581 1983 tibi
599 1935 834 1998 prodesse
860 1939 1032 1997 possit,
1052 1936 1276 1983 scribam.
1349 1934 1485 1992 Quid
1508 1942 1679 1983 autem

182 2025 235 2072 id
277 2028 388 2083 erit,
435 2027 530 2071 nisi
587 2030 645 2070 ut
696 2030 750 2070 te
799 2023 1035 2070 exhorter
1080 2023 1144 2070 ad
1190 2024 1373 2070 bonam
1419 2025 1678 2071 mentem?

188 2113 352 2159 Huius
376 2111 765 2159 fundamentum
793 2111 927 2174 quod
960 2114 1025 2158 sit
1056 2114 1288 2174 quaeris?
1358 2112 1437 2158 Ne
1460 2090 1684 2174 gaudeas

184 2205 334 2248 vanis.
410 2200 818 2246 Fundamentum
858 2199 953 2245 hoc
995 2215 1103 2246 esse
1145 2199 1278 2256 dixi;
1337 2199 1538 2247 culmen
1584 2205 1674 2246 est.

132 2295 161 2341 2
185 2289 267 2336 Ad
313 2305 505 2336 summa
562 2291 810 2350 pervenit,
855 2291 941 2350 qui
999 2291 1108 2346 scit,
1155 2304 1254 2351 quo
1311 2287 1543 2350 gaudeat,
1593 2291 1676 2351 qui

184 2378 482 2425 felicitatem
528 2393 668 2422 suam
713 2379 765 2422 in
813 2375 977 2422 aliena
1034 2381 1288 2438 potestate
1334 2392 1435 2422 non
1484 2379 1651 2438 posuit

185 2466 427 2514 sollicitus
485 2471 563 2511 est
621 2470 675 2512 et
731 2467 953 2510 incertus
1012 2467 1103 2521 sui,
1150 2480 1302 2526 quem
1354 2480 1467 2527 spes
1513 2463 1644 2526 aliqu

494 2561 509 2587 ¹
539 2561 697 2603 Hense
715 2563 877 2602 inserts
897 2561 1070 2602 iactura
1089 2561 1206 2601 aster
1225 2561 1351 2603 vitae.

191 2635 282 2677 158
