1742 2872
146 312 190 359 '5

166 1282 189 1329 1

166 2179 194 2224 2

495 121 642 168 THE
677 121 998 169 EPISTLES
1035 121 1124 168 OF
1160 121 1426 169 SENECA

213 234 267 275 et
323 228 746 291 quemadmodum
803 228 1010 291 adgredi
1069 228 1291 284 debeas;
1363 244 1465 274 non
1515 228 1707 274 incides

213 309 374 356 rebus.
450 310 717 356 Neminem
763 309 887 355 mihi
934 308 1091 366 dabis,
1138 312 1224 371 qui
1271 312 1410 366 sciat,
1458 309 1706 371 quomodo

214 390 348 453 quod
373 390 498 448 vult,
529 394 752 452 coeperit
777 390 936 446 velle3
973 407 1074 436 non
1107 389 1311 436 consilio
1334 389 1581 436 adductus
1604 390 1708 447 illo,

214 470 301 517 sed
333 474 511 533 inpetu
547 474 776 533 inpactus
809 477 899 517 est.
972 471 1089 517 Non
1123 473 1287 517 minus
1323 486 1472 532 saepe
1507 470 1708 517 fortuna

212 555 265 597 in
300 568 391 597 nos
426 555 633 598 incurrit
668 569 818 614 quam
852 568 942 598 nos
977 555 1029 597 in
1069 551 1219 598 illam.
1292 551 1458 613 Turpe
1495 557 1572 598 est
1606 568 1708 598 non

213 635 301 690 ire,
349 632 439 679 sed
485 632 602 679 ferri
649 639 702 679 et
749 633 914 679 subito
960 636 1013 678 in
1070 632 1237 679 medio
1283 632 1484 679 turbine
1542 648 1709 679 rerum

214 719 506 776 stupentem
564 730 834 776 quaerere:
905 719 936 742 ‘⁶
959 714 1076 760 Huc
1134 730 1229 777 ego
1286 713 1708 778 quemadmodum

214 793 409 841 veni?'’
483 794 632 841 VALE.

817 1022 1110 1070 XXXVIII.

563 1147 756 1196 SENECA
794 1149 995 1196 ch1L1o
1031 1165 1116 1196 svo
1151 1165 1367 1196 SALVTEM

300 1279 485 1325 Merito
521 1281 696 1340 exigis,
723 1284 779 1324 ut
813 1277 908 1324 hoc
937 1281 1071 1324 inter
1093 1293 1184 1324 nos
1217 1276 1542 1339 epistularum
1576 1294 1706 1325 com-

212 1363 454 1407 mercium
501 1359 895 1423 frequentemus.
970 1358 1244 1404 Plurimum
1290 1358 1485 1421 proficit
1530 1376 1709 1418 sermo,

212 1446 329 1506 quia
361 1444 647 1488 minutatim
676 1444 864 1503 inrepit
898 1443 1077 1486 animo.
1154 1440 1533 1502 Disputationes
1568 1457 1710 1503 prae-

214 1530 416 1587 paratae
470 1530 524 1570 et
581 1523 765 1570 effusae
817 1508 1057 1568 audiente
1116 1521 1302 1584 populo
1359 1521 1472 1584 plus
1518 1522 1710 1570 habent

214 1608 469 1667 strepituS,
511 1608 676 1650 minus
717 1603 1081 1650 familiaritatis.
1157 1602 1476 1666 Philosophia
1522 1604 1708 1650 bonum

215 1686 476 1733 consilium
496 1692 574 1732 est
592 1702 604 1742 ;
636 1685 897 1732 consilium
916 1700 1065 1731 nemo
1084 1684 1215 1731 clare
1235 1684 1358 1731 dat.1
1424 1684 1709 1748 Aliquando

214 1767 463 1814 utendum
498 1772 577 1813 est
613 1772 666 1813 et
702 1765 814 1824 illis,
842 1772 902 1812 ut
936 1769 1006 1812 ita
1042 1765 1220 1823 dicam,
1257 1766 1588 1824 contionibus,
1623 1767 1710 1813 ubi

214 1852 300 1911 qui
359 1847 574 1905 dubitat,
622 1846 959 1910 impellendus
1007 1852 1114 1902 est;
1172 1846 1257 1892 ubi
1305 1862 1422 1893 vero
1467 1863 1569 1893 non
1616 1847 1742 1894 hoc*

215 1929 469 1993 agendum
494 1935 587 1987 est,
612 1934 670 1975 ut
699 1928 822 1975 velit
856 1928 1065 1985 discere,
1090 1927 1179 1974 sed
1205 1933 1262 1974 ut
1297 1927 1472 1985 discat,
1496 1928 1561 1974 ad
1586 1928 1710 1975 haec
1731 1936 1742 1976 “.

215 2013 532 2059 submissiora
571 2011 722 2057 verba
763 2009 1068 2056 veniendum
1110 2015 1196 2056 est,
1276 2009 1485 2056 Facilius
1519 2012 1712 2057 intrant
1740 2023 1742 2031 ⁴

217 2099 271 2139 et
294 2092 536 2147 liaerent3
572 2107 668 2138 nec
693 2095 828 2137 enim
851 2091 1023 2137 multis
1048 2107 1172 2153 opus
1197 2096 1291 2148 est,
1308 2091 1397 2137 sed
1416 2091 1708 2139 efficacibus.

300 2173 514 2220 Seminis
549 2172 698 2219 modo
734 2171 1014 2234 spargenda
1048 2178 1182 2229 sunt,
1218 2171 1353 2234 quod
1387 2176 1611 2235 quamvis
1646 2176 1712 2220 sit

215 2258 470 2316 exiguum,
507 2270 621 2300 cum
656 2257 919 2316 occupavit
956 2253 1194 2300 idoneum
1230 2253 1411 2311 locum,
1436 2258 1562 2301 vires
1598 2271 1711 2302 suas

215 2335 434 2397 explicat
459 2341 512 2382 et
537 2351 598 2381 ex
623 2338 830 2381 minimo
853 2338 906 2380 in
929 2337 1169 2380 maximos
1193 2341 1368 2381 auctus
1398 2334 1705 2384 diffunditur.

285 2453 299 2478 ¹
329 2452 531 2505 Georges
570 2451 849 2505 conjectures
892 2451 1088 2492 clamitat
1126 2451 1194 2491 for
1232 2451 1346 2491 clare
1383 2452 1475 2499 dac,
1516 2452 1723 2507 perhaps¹

214 2507 394 2560 rightly.

218 2571 314 2620 256

1727 2238 1731 2265 ί
