1742 2872
472 150 618 197 THE
651 150 973 221 EPISTLES
1010 151 1100 200 OF
1136 150 1403 199 SENECA

193 255 339 303 deam
369 258 507 317 mihi,
533 277 645 322 spes
681 265 815 307 enim
851 265 1031 308 incerti
1067 262 1184 307 boni
1220 277 1405 307 nomen
1439 266 1545 306 est:
1581 276 1682 307 non

117 340 171 387 “3
194 341 411 398 invenio,
430 356 543 387 cum
568 358 667 404 quo
686 348 738 389 te
760 342 928 389 malim
947 359 1054 390 esse
1073 359 1221 406 quam
1241 349 1423 389 tecum.
1491 341 1697 403 Repeto*
1725 343 1731 398 Ξ

191 425 446 479 memoria,
472 439 619 484 quam
646 434 828 486 magno
862 427 1028 471 animo
1064 423 1308 490 quaedam
1346 424 1495 469 verba
1530 426 1696 486 proiess¹

192 505 334 559 ceris,
360 507 534 566 quanti
560 505 745 551 roboris
773 505 932 567 plena.
1007 505 1301 552 Gratulatus
1325 521 1434 551 sum
1459 507 1684 566 protinus

193 583 316 630 mihi
354 591 407 631 et
435 585 566 632 dixi:
605 587 768 633 “Non
803 605 832 633 a
866 591 1071 634 summis
1107 587 1256 633 labris
1291 591 1386 633 ista
1421 594 1718 645 venerunt‚.

194 663 384 712 habent
408 665 504 714 hae
530 684 674 714 voces
699 667 1098 716 fundamentum.
1173 669 1276 716 Iste
1309 668 1457 715 homo
1482 684 1584 723 non
1607 674 1709 716 est·
1730 726 1731 730 Ἰ

143 745 174 792 4
197 763 323 793 unus
349 762 377 793 e
401 749 603 810 populo,
628 749 692 796 ad
716 750 930 797 salutem
955 751 1198 813 spectat.’'
1271 749 1352 797 Sic
1377 750 1598 813 loquere,
1615 753 1685 798 sic
1729 762 1731 766 '

190 830 305 875 vive
324 845 335 885 ;
372 829 487 875 vide
506 846 571 876 ne
589 836 643 877 te
670 830 770 876 ulla
793 847 872 878 res
890 831 1152 893 deprimat.
1226 830 1468 878 Votorum
1486 836 1686 898 tuorum

197 916 421 956 veterum
448 910 569 957 licet
592 911 669 958 dis
693 915 905 975 gratiam
930 912 1097 970 facias,
1122 912 1218 958 alia
1251 912 1315 958 de
1350 915 1549 974 integro
1584 927 1686 958 sus-
1715 939 1719 961 ·.

195 994 308 1053 cipe
325 1006 338 1047 ;
362 1008 483 1054 roga
499 993 682 1039 bonam
702 1000 944 1052 mentem,
964 994 1148 1041 bonam
1167 993 1494 1040 valitudinem
1518 996 1690 1052 animi,
1715 983 1717 987 ¹

196 1071 381 1119 deinde
421 1079 542 1120 tunc
581 1078 811 1138 corporis.
900 1074 1092 1133 Quidni
1129 1081 1187 1122 tu
1236 1078 1331 1121 ista
1381 1080 1496 1121 vota
1539 1091 1647 1122 sae
1667 1096 1684 1117 ι

198 1153 383 1201 facias?
451 1155 710 1202 Audacter
732 1156 886 1204 deum
911 1172 1060 1220 roga3
1095 1155 1223 1202 nihil
1258 1155 1402 1202 illum
1434 1155 1499 1203 de
1523 1155 1691 1203 alien·¹

196 1241 458 1298 rogaturus
483 1253 549 1283 es,

144 1313 175 1360 5
243 1345 247 1349 ·
282 1316 383 1364 Sed
410 1323 466 1364 ut
482 1334 621 1365 more
645 1335 759 1366 meo
784 1335 899 1365 cum
922 1319 1403 1383 aliquo-munusculo
1422 1319 1623 1381 epistul
1650 1340 1658 1361 ι

197 1401 412 1456 mittam,
438 1415 608 1446 verum
635 1406 730 1458 est,
755 1400 890 1463 quod
913 1401 1048 1463 apud
1074 1400 1459 1448 Athenodorum
1490 1403 1658 1447 inveni
1687 1422 1691 1431 ⁴

197 1485 228 1507 “
247 1479 389 1526 Tunc
422 1484 546 1527 scito
579 1498 687 1528 esse
720 1488 773 1528 te
806 1483 1036 1529 omnibus
1069 1482 1430 1546 cupiditatibus
1454 1483 1691 1530 solutum

196 1577 311 1608 cum
347 1578 407 1608 eo
443 1566 746 1625 perveneris,
781 1570 840 1610 ut
873 1563 1001 1610 nihil
1035 1564 1187 1611 deum
1229 1580 1389 1627 roges,
1426 1567 1519 1610 nisi
1555 1562 1688 1627 quod
1727 1551 1734 1566 ⁷

196 1659 369 1706 rogare
403 1647 559 1706 possis
592 1644 804 1707 palam.''
880 1645 1026 1691 Nunc
1060 1648 1197 1692 enim
1221 1651 1410 1708 quanta
1433 1644 1704 1692 dementia?

197 1730 274 1772 est
309 1724 598 1772 hominum!
670 1726 975 1789 Turpissima
1011 1732 1127 1773 vota
1161 1726 1238 1773 dis
1273 1730 1612 1783 insusurrant3
1647 1711 1723 1774 si·

196 1810 306 1869 quis
338 1807 616 1854 admoverit
650 1823 838 1866 aurem,
863 1812 1218 1856 conticescent.
1292 1808 1360 1855 Et
1394 1808 1528 1871 quod
1564 1811 1686 1856 scire

197 1887 452 1935 hominem
487 1889 684 1947 nolunt,
721 1889 818 1936 deo
852 1896 1069 1936 narrant.
1142 1889 1271 1936 Vide
1315 1906 1451 1953 erg0,
1487 1906 1552 1936 ne
1594 1889 1686 1936 hoc
1727 1903 1730 1907 ’

197 1972 418 2032 praecipi
454 1970 718 2017 salubriter
752 1974 937 2033 possit:
986 1974 1056 2017 sic
1090 1973 1201 2018 vive
1238 1987 1352 2017 cum
1388 1971 1686 2030 hominibus,

197 2057 453 2114 tamquam
469 2051 593 2098 deus
613 2051 781 2099 videat
801 2068 814 2109 ;
849 2055 919 2099 sic
938 2052 1143 2116 loquere
1163 2069 1277 2098 cum
1300 2052 1414 2110 de0‚
1433 2058 1718 2116 tamquam

197 2132 426 2179 homines
449 2133 668 2180 audiant.
744 2133 894 2181 VALE.
1703 2134 1706 2138 ’

268 2282 289 2302 ‘²
317 2274 354 2316 F
355 2288 448 2328 rag.
473 2276 523 2316 de
541 2276 842 2329 superstitione
861 2278 914 2316 36
936 2275 1017 2323 Η.,
1039 2276 1278 2330 according
1297 2280 1344 2318 to
1367 2276 1610 2318 Rossbach.

202 2608 264 2649 58
