1742 2872
501 145 647 192 THE
684 146 1003 194 EPISTLES
1041 148 1131 194 OF
1167 147 1433 196 SENECA

217 269 317 298 non
354 257 497 316 piget
531 260 672 314 mori,
709 273 823 303 cum
859 261 998 304 iuvet
1033 261 1213 305 vivere.
1287 258 1430 316 Quae
1466 265 1544 305 est
1579 263 1711 306 enim

144 362 168 367 -*
215 338 369 381 virtus
396 353 508 382 cum
539 341 729 384 eiciaris
762 340 933 385 exire?
1004 339 1193 386 Tamen
1224 347 1302 386 est
1337 347 1390 386 et
1423 340 1504 386 hie
1528 343 1713 396 virtus3

214 418 365 462 eicior
399 417 617 479 quidem,
654 419 743 465 sed
779 426 1019 483 tanquam
1055 436 1243 467 exeam.
1317 422 1386 468 Et
1421 421 1534 468 ideo
1570 438 1712 467 num-

213 513 363 559 quam
389 502 567 545 eicitur
591 504 804 562 sapiens,
828 505 944 564 quia
969 505 1061 547 eici
1096 508 1174 548 est
1207 502 1325 549 inde
1351 503 1552 565 expelli,
1580 502 1712 549 unde

214 580 398 625 invitus
434 580 666 636 recedas3
708 581 833 627 nihil
867 586 1052 628 invitus
1091 582 1213 629 facit
1251 586 1465 646 sapiens,
1498 587 1712 630 necessi-

211 664 371 706 tatem
398 661 588 727 effugit,
615 666 731 725 quia
758 663 864 710 vult
888 663 1023 726 quod
1049 670 1280 710 coactura
1305 671 1395 712 est.
1470 664 1618 712 VALE.

1488 771 1509 781 x

910 848 1012 896 LV.

560 966 752 1016 SENECA
792 969 992 1017 ch1L10
1029 987 1113 1018 svo
1150 986 1366 1018 SALVTEM

162 1105 182 1152 1
295 1098 340 1144 A
377 1102 659 1162 gestatione
697 1116 808 1146 cum
847 1104 1063 1148 maxime
1097 1105 1243 1148 venio
1274 1118 1373 1147 non
1409 1104 1571 1147 minus
1596 1100 1709 1147 fati-

208 1186 371 1242 gatus,
405 1197 554 1243 quam
596 1184 636 1227 si
673 1187 872 1228 tantum
914 1182 1263 1240 ambulassem,
1299 1189 1544 1245 quantum
1585 1181 1705 1229 sedi.

211 1261 373 1308 Labor
396 1269 474 1309 est
510 1266 644 1308 enirn
682 1269 736 1310 et
763 1262 850 1309 diu
887 1262 1021 1322 ferri,
1046 1280 1103 1310 ac
1139 1266 1308 1310 nescio
1343 1280 1407 1310 an
1445 1280 1504 1310 eo
1538 1267 1708 1320 maior,
1732 1277 1742 1333 >f

208 1346 324 1404 quia
362 1349 535 1389 contra
581 1350 810 1390 naturam
848 1351 941 1403 est,
978 1360 1106 1409 quae
1142 1345 1298 1408 pedes
1333 1344 1494 1403 dedit,
1527 1350 1585 1391 ut
1621 1361 1710 1408 per
1734 1335 1742 1397 '³1

206 1440 297 1470 nos
321 1425 705 1483 ambularemus,
729 1425 915 1485 oculos,
935 1432 993 1473 ut
1017 1442 1107 1489 per
1130 1442 1219 1473 nos
1244 1425 1538 1473 videremus.
1607 1425 1708 1474 De-

207 1505 456 1553 bilitatem
492 1507 634 1553 nobis
670 1506 896 1554 indixere
932 1507 1160 1565 deliciae,
1185 1514 1240 1555 et
1274 1507 1409 1571 quod
1433 1507 1519 1554 diu
1547 1507 1706 1554 nolui-

158 1590 184 1635 2
207 1602 332 1644 mus,
368 1603 512 1650 posse
549 1587 780 1635 desimus.
856 1588 984 1635 Mihi
1021 1595 1193 1636 tamen
1230 1593 1562 1637 necessarium
1600 1595 1708 1636 erat

205 1674 475 1716 concutere
523 1686 715 1732 corpuS,
751 1676 809 1717 ut
855 1674 958 1718 sive
1005 1671 1119 1718 bilis
1164 1671 1418 1719 insederat
1465 1670 1705 1729 faucibus,

204 1748 555 1809 discuteretur,
575 1754 677 1798 sive
703 1755 811 1814 ipse
837 1768 899 1799 ex
917 1752 1084 1815 aliqua
1108 1769 1255 1800 causa
1279 1756 1481 1815 spiritus
1506 1753 1707 1800 densior

205 1837 328 1889 erat,
362 1839 662 1880 extenuaret
696 1833 838 1880 illum
873 1837 1093 1893 iactatio,
1118 1851 1268 1898 quam
1304 1834 1547 1897 profuisse
1582 1833 1705 1880 mihi

203 1916 348 1961 sensi.
423 1914 546 1962 Ideo
582 1915 771 1962 diutius
807 1914 923 1962 vehi
959 1920 1272 1979 perseveravi
1315 1920 1562 1963 invitante
1598 1919 1704 1979 ipso

203 1994 365 2054 litore,
402 1997 536 2059 quod
584 2000 718 2044 inter
766 1996 946 2044 Cumas
985 2003 1039 2045 et
1085 1997 1263 2045 Servili
1312 1998 1488 2045 Vatiae
1538 1997 1704 2044 villam

203 2083 436 2123 curvatur
482 2084 535 2124 et
584 2078 700 2124 hinc
736 2082 875 2134 mari,
912 2078 1050 2125 illinc
1086 2079 1197 2125 lacu
1245 2079 1386 2126 velut
1431 2085 1704 2141 angustum

201 2161 298 2205 iter
329 2158 561 2206 cluditur.
634 2160 757 2207 Erat
786 2163 922 2206 enim
955 2178 984 2206 a
1018 2164 1210 2208 recenti
1244 2167 1544 2224 tempestate
1581 2163 1704 2223 spis-

268 2285 288 2303 ‘²
316 2276 486 2319 Cumae
505 2291 596 2319 was
616 2292 674 2320 on
698 2278 778 2319 the
798 2282 924 2320 coast
947 2279 1086 2320 about
1112 2281 1179 2321 six
1206 2280 1331 2321 miles
1352 2280 1482 2321 north
1504 2279 1555 2320 of
1580 2279 1702 2333 Cape
1737 2292 1739 2331 ᾗ

202 2330 441 2373 Misenum.
502 2332 629 2373 Lake
662 2332 868 2374 Acheron
899 2333 992 2384 (see
1020 2337 1041 2383 ξ
1062 2338 1086 2374 6
1133 2347 1223 2375 was
1257 2348 1285 2374 a
1317 2334 1561 2375 salt-water
1599 2332 1703 2387 pool

202 2384 404 2426 between
423 2386 552 2427 those
571 2390 660 2428 two
682 2389 844 2440 points,
863 2391 1067 2440 separate
1118 2387 1231 2429 from
1251 2388 1330 2429 the
1350 2401 1427 2429 sea
1445 2388 1507 2441 by
1521 2402 1549 2428 a
1569 2387 1701 2428 sand-

202 2439 305 2487 bar;
325 2441 359 2480 it
378 2440 451 2493 lay
469 2454 575 2481 near
592 2440 718 2482 Lake
733 2442 938 2482 Avernus
954 2441 1044 2483 and
1064 2442 1281 2495 probably
1296 2442 1476 2483 derived
1497 2444 1553 2482 its
1570 2454 1701 2483 name
1733 2439 1742 2490 ll

201 2493 315 2534 from
349 2494 450 2535 that
483 2495 588 2536 fact.
649 2495 744 2535 The
776 2495 913 2536 Vatia
945 2496 1202 2537 mentioned
1235 2495 1340 2538 here
1372 2498 1410 2538 is
1443 2495 1668 2537 unknown
1685 2511 1701 2544 ε
1733 2491 1737 2539 l

202 2547 257 2587 he
277 2551 398 2589 must
417 2552 497 2590 not
515 2549 572 2590 be
590 2549 808 2591 confused
827 2550 934 2591 with
957 2550 1192 2593 Isauricus.

206 2611 302 2661 364
