1742 2872
488 110 635 158 THE
671 109 991 159 EPISTLES
1028 111 1118 159 OF
1153 111 1421 159 SENECA

207 218 341 266 dolio
365 219 566 282 placuit.
642 219 761 269 Sine
787 236 902 267 eum
927 224 1124 267 tristem
1152 222 1414 283 appellent
1449 229 1502 269 et
1537 225 1702 268 inimi-

208 324 322 354 cum
363 310 674 370 processibus
716 312 845 365 suis;
898 310 1030 356 bene
1073 325 1125 356 se
1168 309 1308 356 dabit
1352 313 1402 355 in
1449 316 1702 357 vetustate

209 399 314 456 ipsa
330 395 346 425 1
373 398 592 453 tristitia,
618 403 907 458 perseveret
935 396 1085 442 modo
1115 396 1279 443 colere
1314 400 1567 455 virtutem,
1592 414 1704 460 per-

210 483 381 530 bibere
406 483 630 530 liberalia
653 484 836 542 studia,
860 500 961 530 non
994 484 1096 541 illa,
1122 485 1302 546 quibus
1326 485 1560 547 perfundi
1586 490 1704 532 satis

159 573 189 616 4
210 577 303 628 est,
329 571 419 618 sed
442 571 584 629 haec,
609 573 789 635 quibus
814 572 1089 634 tingendus
1114 578 1192 618 est
1215 576 1424 620 animus.
1489 574 1602 620 Hoc
1627 580 1703 620 est

209 659 436 705 discendi
471 666 684 722 tempus.
760 659 945 718 “Quid
987 662 1141 723 ergo?
1213 660 1434 724 Aliquod
1476 668 1569 719 est,
1604 678 1704 725 quo
1740 709 1742 715 ,

208 763 310 792 11011
335 751 400 793 sit
424 747 800 794 discendum?'’
865 749 1090 795 Minime.
1154 747 1256 795 Sed
1280 749 1702 812 quemadmodum
1737 782 1742 802 ,

208 836 438 882 omnibus
462 839 605 882 annis
631 836 834 884 studere
859 837 1129 884 honestum
1154 843 1247 895 est,
1266 840 1338 883 ita
1355 854 1457 883 non
1476 839 1704 884 omnibus
1736 813 1742 887 ξ

207 926 417 970 institui.
511 924 690 987 Turpis
738 931 792 972 et
846 925 1054 971 ridicula
1100 941 1179 971 res
1227 931 1305 971 est
1352 925 1705 972 elementarius
1741 911 1742 915 Ἰ

209 1027 393 1068 senex3
429 1015 599 1059 iuveni
634 1013 926 1075 parandum,
953 1016 1060 1060 seni
1092 1013 1341 1060 utendum
1370 1019 1460 1060 est.
1536 1014 1706 1060 Facies

211 1115 331 1163 ergo
355 1117 460 1147 rem
488 1101 800 1148 utilissimam
825 1103 936 1160 tibi,
955 1105 995 1148 si
1019 1101 1163 1148 illum
1187 1118 1334 1165 quam
1362 1105 1609 1164 optimum
1632 1101 1705 1149 fe-

209 1192 334 1235 ceris
352 1205 364 1244 ;
402 1187 526 1234 haec
550 1192 693 1235 aiunt
717 1188 961 1236 beneficia
980 1205 1087 1235 esse
1109 1188 1396 1250 expetenda
1416 1188 1706 1235 tribuenda-

209 1292 323 1339 que,
349 1292 451 1321 non
476 1275 628 1323 dubie
654 1279 842 1338 primae
869 1279 1029 1334 sortis,
1053 1291 1183 1339 quae
1216 1281 1319 1321 tam
1354 1276 1471 1323 dare
1501 1277 1706 1339 prodest

208 1380 358 1426 quam
383 1367 622 1427 accipere.

159 1452 187 1498 5
295 1451 530 1515 Denique
583 1452 711 1499 nihil
768 1452 843 1498 illi
901 1456 1000 1499 iam
1058 1452 1203 1499 liberi
1251 1458 1330 1499 est
1347 1468 1359 1508 3
1419 1452 1702 1516 spopondit.
1736 1478 1742 1494 ι

211 1539 380 1586 Minus
420 1546 591 1587 autem
633 1547 781 1603 turpe
826 1546 904 1587 est
946 1539 1181 1587 creditori
1217 1556 1368 1602 quam
1402 1544 1509 1602 spei
1544 1541 1704 1589 bonae

207 1628 503 1691 decoquere.
578 1628 661 1675 Ad
702 1629 830 1675 illud
871 1644 955 1675 aes
990 1628 1213 1675 alienum
1249 1628 1545 1675 solvendum
1581 1646 1704 1691 opus
1726 1685 1738 1689 ,

208 1723 287 1763 est
326 1719 612 1779 negotianti
653 1719 975 1779 navigatione
1011 1731 1264 1779 prospera,
1300 1732 1477 1778 agrum
1518 1717 1703 1764 colenti

207 1790 441 1852 ubertate
478 1808 602 1863 eius,
627 1821 777 1868 quam
814 1804 950 1862 colit,
987 1810 1166 1861 terrae,
1204 1803 1328 1850 caeli
1375 1803 1573 1861 favore3
1619 1805 1734 1859 ille,

157 1897 186 1943 6
209 1891 345 1956 quod
396 1892 569 1950 debet,
617 1893 720 1939 sola
775 1898 946 1954 potest
1000 1891 1262 1938 voluntate
1319 1891 1547 1953 persolvi.
1646 1873 1737 1954 111ξῖ

209 1996 371 2027 mores
390 1980 592 2027 fortuna
614 1983 691 2026 ius
715 1995 818 2025 non
842 1979 1010 2027 habet.
1076 1979 1186 2025 Hos
1205 1978 1454 2041 disponat,
1476 1985 1532 2025 ut
1556 1996 1705 2042 quam
1740 2010 1742 2020 ‹

205 2067 641 2131 tranquillissimus
687 2067 774 2114 ille
820 2070 1015 2114 animus
1073 2066 1137 2113 ad
1185 2066 1467 2129 perfectum
1519 2071 1705 2126 veniat,
1727 2000 1734 2154 ¹

207 2161 293 2220 qui
316 2173 412 2203 nec
435 2156 660 2202 ablatum
685 2157 778 2202 sibi
814 2159 1081 2218 quicquam
1118 2158 1275 2202 sentit
1307 2171 1402 2201 nec
1434 2155 1704 2214 adiectum,
1728 2155 1732 2206 ἰ

206 2246 297 2293 sed
321 2249 374 2291 in
399 2245 578 2292 eodem
597 2244 773 2291 habitu
799 2251 893 2302 est,
912 2244 1380 2307 quomodocumque
1400 2258 1479 2289 res
1498 2243 1699 2292 cedunt.

209 2335 300 2381 Cui
336 2336 439 2380 sive
475 2333 788 2395 adgeruntur
823 2330 1046 2396 vulgaria
1094 2334 1240 2390 bona,
1282 2347 1430 2393 supra
1471 2347 1550 2377 res
1590 2347 1715 2406 suast·

438 2492 453 2517 ¹
481 2492 579 2545 ipsa
599 2489 730 2533 MSS.
753 2506 764 2539 ;
793 2491 878 2531 ista
897 2490 926 2531 J
930 2492 1043 2543 ugis,
1067 2489 1258 2543 perhaps
1280 2488 1460 2542 rightly.

210 2576 305 2618 248
