1742 2872
503 149 649 196 THE
685 149 1005 197 EPISTLES
1043 149 1132 196 OF
1168 149 1434 197 SENECA

304 258 454 316 Quod
490 259 734 321 Epicurus
762 263 921 305 amico
951 276 1038 305 suo
1074 264 1240 321 potuit
1277 263 1586 322 promittere,
1623 260 1714 306 hoc

219 337 312 383 tibi
337 340 592 398 promitto,
616 337 787 384 Lucili.
864 337 1079 383 Habebo
1098 337 1230 397 apud
1249 344 1471 400 posteros
1488 342 1715 400 gratiam,

220 430 419 476 possum
444 430 641 460 mecum
675 414 910 460 duratura
935 418 1137 460 nomina
1166 414 1393 461 educere.
1467 415 1716 477 Vergilius

219 497 390 538 noster
447 491 641 537 duobus
702 495 992 538 memoriam
1054 498 1312 538 aeternam
1377 496 1604 555 promisit
1664 499 1717 539 et

220 575 470 632 praestat:

383 675 616 716 Fortunati
636 675 769 716 ambo
789 678 798 716 !
856 675 1013 729 Siquid
1033 689 1134 716 mea
1152 677 1350 716 carmina
1369 679 1573 728 possunt,

384 739 518 780 Nulla
533 739 627 780 dies
647 753 863 793 umquam
882 742 1066 781 memori
1088 753 1166 780 vos
1187 741 1352 780 eximet
1370 753 1496 787 aevo,

385 803 507 844 Dum
526 803 685 844 domus
706 803 888 845 Aeneae
908 804 1099 858 Capitoli
1121 804 1346 845 immobile
1366 817 1523 845 saxum

386 868 573 909 Accolet
591 870 915 922 imperiumque
934 872 1061 922 pater
1082 869 1313 910 Romanus
1334 868 1529 910 habebit.

172 975 200 1022 6
225 965 582 1028 Quoscumque
624 968 676 1010 in
724 964 946 1011 medium
989 964 1189 1011 fortuna
1231 964 1455 1026 protulit,
1498 967 1720 1027 quicum-

225 1060 323 1106 que
371 1043 595 1089 membra
641 1059 698 1088 ac
739 1048 907 1104 partes
953 1042 1146 1089 alienae
1194 1046 1452 1104 potentiae
1499 1042 1720 1100 fuerunt,

226 1121 404 1167 horum
451 1124 611 1183 gratia
657 1123 835 1183 viguit,
882 1120 1057 1166 domus
1105 1119 1424 1182 frequentata
1467 1126 1559 1177 est,
1602 1120 1722 1166 dum

225 1202 320 1260 ipsi
379 1204 632 1244 steterunt
649 1213 661 1254 ;
720 1204 834 1260 post
885 1201 1016 1260 ipsos
1070 1201 1170 1244 cito
1222 1201 1459 1244 memoria
1517 1197 1718 1244 defecit.

230 1276 552 1339 Ingeniorum
590 1279 767 1321 crescit
802 1275 1028 1338 dignatio
1056 1292 1150 1322 nec
1179 1278 1296 1337 ipsis
1332 1281 1531 1321 tantum
1567 1274 1728 1321 honor

227 1354 458 1411 habetur,
506 1352 594 1399 sed
641 1352 881 1415 quicquid
921 1352 1118 1399 illorum
1164 1356 1432 1399 memoriae
1480 1340 1729 1410 adhaesit,-

227 1435 485 1494 excipitur.

174 1512 203 1563 7
316 1509 391 1554 Ne
425 1510 579 1569 gratis
619 1507 917 1554 Idomeneus
949 1511 1002 1554 in
1031 1507 1298 1570 epistulam
1327 1525 1489 1555 meam
1516 1511 1710 1554 venerit

227 1590 334 1649 ipse
365 1602 475 1632 eam
510 1585 574 1632 de
609 1602 696 1631 suo
726 1586 952 1633 redimet.
1028 1585 1110 1632 Ad
1141 1585 1276 1632 hunc
1313 1586 1554 1648 Epicurus
1589 1585 1675 1632 illa

227 1664 449 1711 nobilem
482 1667 787 1709 sententiam
818 1667 1031 1725 scripsit,
1056 1680 1154 1726 qua
1179 1663 1421 1721 hortatur,
1447 1670 1503 1710 ut
1542 1663 1705 1726 Pytho

229 1743 337 1788 clea
371 1740 677 1802 locupletem
712 1758 814 1787 non
850 1741 1050 1803 publica
1084 1758 1178 1788 nec
1213 1745 1418 1804 ancipiti
1455 1745 1533 1788 via
1560 1741 1710 1787 faciat

230 1820 330 1867 “Si
376 1818 496 1876 viS,''
546 1821 728 1881 inquit,
770 1818 1092 1882 “Pythoclea
1140 1818 1348 1865 divitem
1396 1818 1578 1876 facere,
1625 1835 1691 1865 no

230 1902 472 1961 pecuniae
519 1897 855 1955 adiciendum,
903 1897 992 1943 sed
1046 1896 1310 1959 cupiditati
1357 1895 1674 1943 detrahendu

177 1989 206 2034 8
230 1977 355 2024 est.''
429 1978 496 2022 Et
531 1979 749 2039 apertior
777 1979 873 2021 ista
907 1979 1160 2022 sententia
1192 1981 1269 2022 est
1304 1991 1453 2038 quam
1483 1981 1540 2021 ut
1574 1979 1708 2022 inter

231 2055 475 2117 pretanda
507 2058 587 2112 sit,
621 2060 674 2100 et
710 2053 941 2100 disertior
974 2069 1123 2115 quam
1157 2059 1213 2099 ut
1247 2052 1537 2100 adiuvanda.
1614 2053 1699 2099 Ho

231 2150 387 2179 unum
433 2139 486 2179 te
524 2132 788 2189 admoneo,
829 2147 893 2177 ne
940 2131 1076 2177 istud
1124 2137 1323 2177 tantum
1371 2134 1624 2177 existimes
1662 2131 1696 2177 d

229 2209 415 2256 divitiis
435 2209 628 2255 dictum
646 2225 658 2265 ;
694 2223 1008 2270 quocumque
1026 2207 1354 2264 transtuleris,
1368 2207 1504 2254 idem
1523 2211 1684 2270 poteri

298 2335 318 2354 α
346 2328 532 2374 Ameid,
555 2329 611 2369 ix,
636 2326 772 2368 446ff.

299 2382 315 2407 ὁ
344 2380 409 2422 As
430 2383 474 2421 in
495 2381 573 2422 the
591 2381 694 2422 case
713 2381 766 2421 of
789 2380 1008 2433 Epicurus
1028 2379 1118 2420 and
1148 2379 1431 2427 Idomeneus,
1454 2379 1608 2421 Cicero
1637 2393 1694 2420 an

233 2435 427 2499 Atticus,
450 2435 615 2518 'Xergil
642 2434 732 2475 and
765 2433 985 2487 Euryalus
1016 2433 1107 2474 and
1136 2433 1288 2481 Nisus,
1320 2433 1410 2475 and
1438 2433 1610 2476 Seneca
1637 2447 1664 2474 a

235 2489 473 2596 Lufllssifgg.
502 2545 577 2583 135
599 2542 787 2584 Usener.

238 2614 331 2656 144
