1742 2872
511 162 658 208 THE
694 160 1014 209 EPISTLES
1052 161 1142 208 OF
1178 159 1444 208 SENECA

205 254 399 317 *autem
434 287 487 317 se
523 274 720 333 sapiens
757 270 1114 316 accommodat.
1189 269 1289 316 Sed
1327 273 1366 315 si
1401 272 1726 315 necessitates

229 351 439 397 ultimae
497 350 802 407 inciderunt,
861 350 1155 397 iamdudum
1214 351 1371 396 exibit
1429 366 1457 396 e
1514 353 1617 395 vita
1675 355 1728 396 et

230 432 471 478 molestus
505 432 598 478 sibi
627 448 736 478 esse
769 431 981 479 desinet.
1054 431 1105 477 Si
1138 448 1254 478 vero
1288 435 1522 493 exiguum
1557 434 1652 477 erit
1675 437 1729 478 et

230 518 517 574 angustum,
542 528 641 575 quo
678 515 834 573 possit
869 515 972 558 vita
1007 512 1229 574 produci,
1258 511 1311 558 id
1347 512 1464 558 boni
1501 511 1729 558 consulet

229 609 325 640 nec
361 593 492 640 ultra
526 585 806 640 necessaria
847 594 1090 640 sollicitus
1125 600 1213 639 aut
1254 596 1430 640 anxius
1471 596 1635 639 ventri
1676 598 1730 640 et

229 675 443 738 scapulis
485 691 629 721 suum
664 674 847 721 reddet
888 681 941 721 et
977 679 1329 736 occupationes
1365 675 1578 721 divitum
1613 691 1729 721 con-

231 759 636 819 cursationesque
660 756 724 802 ad
749 756 946 802 divitias
971 759 1199 803 euntium
1231 772 1432 802 securus
1468 756 1729 819 laetusque

149 837 208 884 10
230 837 416 883 ridebit
451 854 509 883 ac
540 837 707 884 dicet:
751 837 936 895 “Quid
971 841 1024 884 in
1056 837 1265 900 longum
1295 840 1402 900 ipse
1438 843 1492 885 te
1527 837 1730 885 differs?

231 919 603 981 Expectabisne
644 918 830 965 fenoris
871 925 1136 981 quaestum
1177 924 1267 965 aut
1308 934 1371 965 ex
1411 934 1577 965 merce
1613 935 1728 965 con-

231 1000 473 1062 pendium
514 1005 602 1047 aut
643 1000 838 1047 tabulas
886 1001 1023 1047 beati
1068 1003 1218 1058 senis,
1260 1016 1374 1046 cum
1422 999 1526 1047 fieri
1574 1003 1729 1063 possis

230 1084 400 1128 statim
448 1081 624 1129 dives?
714 1082 1078 1144 Repraesentat
1132 1098 1252 1144 opes
1300 1084 1557 1144 sapientia,
1607 1097 1729 1144 quas

229 1166 527 1227 cuicumque
561 1163 683 1210 fecit
715 1179 1061 1226 supervacuas,
1085 1163 1275 1210 dedit.”
1352 1163 1495 1209 Haec
1519 1162 1582 1209 ad
1607 1163 1728 1209 alios

231 1249 519 1307 pertinent3
578 1251 633 1292 tu
682 1245 1019 1307 locupletibus
1060 1249 1259 1307 propior
1300 1261 1366 1292 es.
1463 1243 1727 1291 Saeculum

229 1333 385 1385 muta,
418 1330 566 1373 nimis
591 1326 756 1373 habes.
835 1326 977 1373 Idem
1003 1327 1114 1374 estl
1147 1332 1320 1373 autem
1351 1329 1487 1372 omni
1513 1325 1726 1383 saeculo,

227 1408 362 1471 quod
387 1414 464 1454 sat
488 1414 578 1455 est.

146 1484 202 1532 ll
317 1489 547 1536 Poteram
573 1489 666 1536 hoc
690 1489 800 1536 1060
826 1489 1093 1552 epistulam
1123 1489 1374 1547 claudere,
1398 1491 1493 1535 nisi
1517 1494 1570 1535 te
1595 1488 1725 1535 male

227 1574 570 1618 instituissem.
625 1571 788 1634 Reges
812 1571 1106 1618 Parthorum
1123 1571 1141 1600 ²
1159 1588 1261 1617 non
1276 1576 1445 1633 potest
1463 1573 1723 1633 quisquam

228 1653 443 1699 salutare
468 1656 575 1700 sine
600 1669 809 1700 munere
830 1669 842 1710 ;
878 1654 971 1699 tibi
993 1653 1270 1700 valedicere
1288 1652 1529 1699 nonlicet
1551 1654 1706 1714 gratis

226 1734 365 1792 Quid
400 1737 549 1781 istic?
619 1734 701 1781 Ab
727 1735 943 1797 Epicuro
967 1741 1201 1782 mutuum
1234 1750 1454 1781 sumam:
1498 1738 1529 1759 “
1547 1732 1697 1778 Multi

225 1832 423 1878 parasse
439 1816 639 1863 divitias
653 1832 755 1862 non
772 1815 882 1862 finis
897 1819 1206 1863 miseriarum
1221 1815 1335 1873 fuit,
1352 1815 1441 1862 sed
1459 1813 1720 1860 mutatio.’'

140 1899 199 1946 12
227 1898 333 1945 Nec
358 1897 452 1944 hoc
476 1901 639 1944 miror.
716 1898 828 1943 Non
865 1903 942 1944 est
979 1901 1114 1944 enim
1148 1900 1201 1942 in
1234 1897 1381 1943 rebus
1414 1899 1606 1953 vitium,
1631 1894 1721 1942 sed

223 1983 274 2026 in
292 1982 400 2041 ipso
418 1982 596 2026 animo.
661 1978 810 2036 Illud,
830 1978 964 2042 quod
988 1984 1339 2041 paupertatem
1356 1978 1499 2024 nobis
1518 1992 1720 2040 gravem

222 2060 428 2118 fecerat,
476 2066 530 2107 et
577 2060 775 2106 divitias
827 2076 1003 2123 graves
1051 2060 1185 2107 fecit.
1283 2056 1742 2129 Quemadmodumt

223 2138 348 2185 nihil
389 2138 561 2197 refert,
603 2146 770 2185 utrum
812 2155 1021 2201 aegrum
1061 2142 1115 2185 in
1161 2139 1331 2201 ligneo
1379 2141 1510 2184 lecto
1557 2153 1622 2182 an
1667 2140 1682 2182 i
1735 2132 1740 2140 ’

221 2237 372 2267 aureo
398 2220 1030 2283 conloces,—-quocumque
1062 2219 1203 2266 illum
1238 2218 1567 2274 transtuleris,
1591 2231 1721 2263 mori

223 2302 344 2348 bum
369 2317 538 2348 secum
565 2318 709 2348 suum
741 2300 1166 2358 transferet,-—sic
1199 2300 1324 2346 nihil
1358 2299 1527 2357 refert,
1553 2306 1665 2346 utru

514 2394 530 2420 ¹
558 2395 669 2436 idem
690 2400 747 2434 est
768 2393 904 2435 Gertz
921 2411 932 2441 ;
962 2395 1008 2435 id
1026 2399 1085 2434 est
1105 2407 1154 2434 or
1173 2395 1284 2435 idem
1304 2392 1434 2434 MSS.

550 2448 566 2473 2
594 2449 866 2489 Parthorum
884 2447 1049 2496 Gertz;
1073 2448 1257 2502 parthos
1275 2447 1406 2491 MSS.

721 2580 744 2600 ⁰
772 2573 899 2627 Frag.
926 2577 1004 2614 479
1028 2574 1216 2617 Usener.

235 2646 326 2688 114
