1742 2872
511 163 656 209 THE
693 162 1012 210 EPISTLES
1050 162 1139 209 OF
1175 161 1442 208 SENECA

174 296 198 302 ·*
231 290 344 320 cum
370 273 589 336 quidam,
614 290 712 336 quo
737 273 848 335 plus
882 274 1090 330 debent,
1114 275 1272 333 magis
1302 271 1513 317 oderint.
1588 270 1723 317 Leve

148 383 208 429 12
230 367 315 397 aes
339 351 560 396 alienum
586 350 866 397 debitorem
885 350 1021 408 facit,
1040 365 1190 411 grave
1209 352 1478 394 inimicum.
1540 352 1572 374 ‘⁶
1589 347 1724 405 Quid

233 429 390 489 ergo?
476 427 726 473 Beneficia
763 443 864 472 non
904 433 1080 488 parant
1121 429 1362 472 amicitias
1380 427 1398 471 ?
1413 425 1439 440 '’
1530 425 1726 482 Parant,

233 508 272 550 si
308 510 599 566 accepturos
636 505 777 559 licuit
813 504 1019 566 eligere,
1055 507 1095 549 si
1131 504 1404 560 conlocata,
1428 519 1529 548 non
1563 518 1728 564 sparsa

233 588 364 628 sunt.

320 659 500 721 Itaque
525 659 645 705 dum
671 661 848 720 incipis
882 674 989 705 esse
1023 661 1207 704 mentis
1240 664 1374 714 tuae,
1399 660 1601 703 interim
1634 656 1728 702 hoc

234 736 439 782 consilio
465 739 766 798 sapientium
792 741 952 793 utere,
978 741 1035 781 ut
1067 738 1226 798 magis
1254 734 1319 780 ad
1343 750 1449 780 rem
1475 737 1729 780 existimes

234 817 506 876 pertinere,
531 817 658 875 quis,
683 829 833 876 quam
857 812 978 875 quid
1002 815 1266 875 acceperit.
1340 811 1490 857 VALE.

932 997 1040 1044 XX.

590 1129 784 1176 SENECA
822 1129 1022 1175 chuao
1059 1145 1142 1174 svo
1179 1144 1395 1175 SALVTEM

322 1258 373 1305 Si
410 1258 544 1306 vales
581 1265 634 1305 et
676 1265 730 1305 te
773 1259 981 1321 dignum
1020 1265 1184 1321 putas,
1220 1262 1306 1321 qui
1341 1259 1611 1321 aliquando
1646 1254 1742 1311 fias¹{

236 1343 368 1394 tuuS,
394 1336 603 1399 gaudeo.
680 1337 797 1382 Mea
822 1339 957 1383 enim
981 1337 1139 1399 gloria
1171 1339 1282 1394 erit,
1309 1340 1348 1383 si
1378 1343 1431 1383 te
1456 1340 1620 1394 istinc,
1646 1323 1742 1384 ubil

237 1418 343 1460 sine
380 1430 467 1476 spe
505 1414 723 1460 exeundi
759 1413 1027 1471 fluctuaris,
1054 1419 1328 1461 extraxero.
1405 1414 1536 1461 Illud
1561 1421 1733 1462 autem

236 1498 306 1549 te,
330 1495 400 1537 mi
434 1491 612 1549 Lucili,
636 1508 758 1554 rogo
792 1498 944 1554 atque
977 1491 1165 1549 hortor,
1190 1498 1249 1538 ut
1280 1491 1646 1555 philosophiam
1681 1496 1697 1539 i

237 1568 525 1631 praecordia
548 1572 647 1614 ima
680 1568 919 1615 demittas
952 1575 1006 1616 et
1039 1571 1443 1631 experimentum
1479 1569 1707 1631 profectu

236 1650 312 1693 tui
337 1649 500 1708 capias
532 1662 635 1692 non
668 1649 892 1692 oratione
926 1663 1020 1692 nec
1053 1649 1254 1708 scripto,
1281 1646 1370 1693 sed
1404 1650 1557 1693 animi
1586 1647 1712 1694 firmi

237 1729 362 1780 tate,
387 1723 722 1785 cupiditatum
746 1723 1124 1780 deminutione;
1160 1724 1311 1770 verba
1335 1725 1483 1771 rebus
1508 1726 1674 1787 proba.

323 1800 477 1847 Aliud
523 1805 834 1863 propositum
885 1807 964 1848 est
1010 1801 1409 1848 declamantibus
1457 1808 1510 1849 et
1556 1803 1712 1850 adsen

238 1881 428 1924 sionem
466 1895 676 1925 coronae
714 1879 1049 1941 captantibus,
1081 1878 1219 1925 aliud
1253 1878 1346 1936 his,
1376 1883 1461 1942 qui
1497 1883 1681 1927 iuvenu

239 1962 293 2002 et
333 1959 603 2002 otiosorum
649 1972 792 2002 aures
841 1956 1182 2019 disputatione
1229 1961 1363 2003 varia
1403 1964 1492 2004 aut
1529 1958 1713 2005 volubil

238 2032 503 2088 detinent;
529 2013 721 2080 (facere
764 2033 915 2080 docet
955 2033 1287 2096 philosophia,
1324 2051 1425 2080 non
1460 2035 1644 2094 dicere,
1681 2052 1708 2083 e

238 2109 332 2156 hoc
379 2114 554 2173 exigit,
602 2117 660 2157 ut
705 2111 770 2157 ad
817 2111 985 2173 legem
1033 2128 1172 2157 suam
1219 2115 1429 2174 quisque
1477 2116 1626 2171 vivat,
1667 2131 1700 2160 n

238 2191 449 2234 orationi
480 2191 582 2234 vita
615 2188 896 2246 dissentiat,
922 2194 979 2235 ut
1012 2192 1118 2251 ipsa
1141 2193 1273 2236 intra
1296 2206 1349 2236 se
1376 2193 1476 2236 vita
1499 2194 1645 2237 unius
1670 2195 1710 2238 si

238 2269 461 2311 omnium
496 2269 751 2312 actionum
787 2269 894 2312 sine
938 2265 1247 2313 dissensione
1289 2266 1502 2313 coloris.1
1575 2267 1709 2314 Max'

239 2359 374 2389 mum
411 2343 506 2389 hoc
543 2349 621 2390 est
656 2349 710 2390 et
744 2343 958 2389 officium
994 2347 1270 2406 sapientiae
1306 2350 1360 2391 et
1395 2344 1651 2403 indicium,

186 1297 207 1342 1

189 1845 215 1890 2

308 2438 322 2463 ¹
351 2439 473 2480 intra
512 2471 521 2481 .
556 2471 566 2481 .
611 2471 621 2481 .
665 2439 818 2480 coloris
852 2438 1039 2492 Haupt3
1077 2439 1191 2480 inter
1222 2454 1263 2481 se
1301 2440 1393 2481 vita
1432 2472 1442 2482 .
1478 2473 1487 2482 .
1532 2473 1541 2482 .
1584 2441 1649 2481 his

239 2493 431 2534 omnium
459 2493 572 2534 actio
601 2493 903 2534 dissertionum
932 2493 1047 2534 color
1071 2493 1130 2534 sit
1156 2507 1201 2547 p,
1231 2508 1345 2534 unus
1372 2507 1422 2534 or
1448 2508 1540 2535 una
1573 2494 1630 2536 L3
1650 2494 1685 2535 P

240 2547 393 2588 coloris
411 2546 524 2587 later
544 2546 675 2588 MSS.

242 2617 335 2658 132
