<?xml version="1.0" encoding="UTF-8"?>
<!DOCTYPE html PUBLIC "-//W3C//DTD XHTML 1.0 Transitional//EN"
    "http://www.w3.org/TR/xhtml1/DTD/xhtml1-transitional.dtd">
<html xmlns="http://www.w3.org/1999/xhtml" xml:lang="en" lang="en">
 <head>
  <title>
</title>
<meta http-equiv="Content-Type" content="text/html;charset=utf-8" />
  <meta name='ocr-system' content='tesseract 3.04.00' />
  <meta name='ocr-capabilities' content='ocr_page ocr_carea ocr_par ocr_line ocrx_word'/>
</head>
<body>
  <div class='ocr_page' id='page_1' title='image "adluciliumepistu01seneuoft_0430.png"; bbox 0 0 1742 2872; ppageno 0'>
   <div class='ocr_carea' id='block_1_1' title="bbox 487 64 1417 154">
    <p class='ocr_par' dir='ltr' id='par_1_1' title="bbox 487 64 1417 154">
     <span class='ocr_line' id='line_1_1' title="bbox 487 64 1417 154; baseline 0 -1"><span class='ocrx_word' id='word_1_1' title='bbox 487 107 635 154; x_wconf 90' lang='lat' dir='ltr'>THE</span> <span class='ocrx_word' id='word_1_2' title='bbox 674 105 990 154; x_wconf 91' lang='lat' dir='ltr'>EPISTLES</span> <span class='ocrx_word' id='word_1_3' title='bbox 1028 105 1118 153; x_wconf 90' lang='lat' dir='ltr'>OF</span> <span class='ocrx_word' id='word_1_4' title='bbox 1153 64 1417 154; x_wconf 46' lang='lat' dir='ltr'><strong>S⁹ENECA</strong></span> 
     </span>
    </p>
   </div>
   <div class='ocr_carea' id='block_1_2' title="bbox 205 213 1734 280">
    <p class='ocr_par' dir='ltr' id='par_1_2' title="bbox 205 213 1734 280">
     <span class='ocr_line' id='line_1_2' title="bbox 205 213 1734 280; baseline 0.001 -17"><span class='ocrx_word' id='word_1_5' title='bbox 205 220 435 280; x_wconf 83' lang='lat' dir='ltr'>portione</span> <span class='ocrx_word' id='word_1_6' title='bbox 459 215 682 262; x_wconf 83' lang='lat' dir='ltr'>adulatio</span> <span class='ocrx_word' id='word_1_7' title='bbox 707 214 936 261; x_wconf 79' lang='lat' dir='ltr'><strong>infatuat.</strong></span> <span class='ocrx_word' id='word_1_8' title='bbox 1010 214 1280 260; x_wconf 85' lang='lat' dir='ltr'>Dicamus:</span> <span class='ocrx_word' id='word_1_9' title='bbox 1317 213 1464 262; x_wconf 91' lang='lat' dir='ltr'>“Vos</span> <span class='ocrx_word' id='word_1_10' title='bbox 1496 216 1648 278; x_wconf 86' lang='lat' dir='ltr'>quide</span> <span class='ocrx_word' id='word_1_11' title='bbox 1680 240 1686 259; x_wconf 83' lang='grc' dir='ltr'>ι</span> <span class='ocrx_word' id='word_1_12' title='bbox 1724 229 1734 275; x_wconf 60' lang='grc' dir='ltr'><em>ς</em></span> 
     </span>
    </p>
   </div>
   <div class='ocr_carea' id='block_1_3' title="bbox 1620 0 1742 2872">
    <p class='ocr_par' dir='ltr' id='par_1_3' title="bbox 1620 0 1742 2872">
     <span class='ocr_line' id='line_1_3' title="bbox 1649 0 1742 313; baseline 0 -36"><span class='ocrx_word' id='word_1_13' title='bbox 1649 0 1742 313; x_wconf 95' lang='lat' dir='ltr'>   </span> 
     </span>
     <span class='ocr_line' id='line_1_4' title="bbox 1668 313 1742 405; baseline 0 0"><span class='ocrx_word' id='word_1_14' title='bbox 1668 313 1742 405; x_wconf 95' lang='lat' dir='ltr'>  </span> 
     </span>
     <span class='ocr_line' id='line_1_5' title="bbox 1663 405 1742 597; baseline 0 -100"><span class='ocrx_word' id='word_1_15' title='bbox 1663 405 1742 597; x_wconf 95' lang='lat' dir='ltr'>  </span> 
     </span>
     <span class='ocr_line' id='line_1_6' title="bbox 1620 597 1742 881; baseline 0 -129"><span class='ocrx_word' id='word_1_16' title='bbox 1620 597 1742 881; x_wconf 95' lang='lat' dir='ltr'>   </span> 
     </span>
     <span class='ocr_line' id='line_1_7' title="bbox 1651 881 1742 1168; baseline 0 0"><span class='ocrx_word' id='word_1_17' title='bbox 1651 881 1742 1168; x_wconf 95' lang='lat' dir='ltr'>   </span> 
     </span>
     <span class='ocr_line' id='line_1_8' title="bbox 1638 1168 1742 1418; baseline 0 0"><span class='ocrx_word' id='word_1_18' title='bbox 1638 1168 1742 1418; x_wconf 95' lang='lat' dir='ltr'>   </span> 
     </span>
     <span class='ocr_line' id='line_1_9' title="bbox 1653 1651 1742 1930; baseline 0 -228"><span class='ocrx_word' id='word_1_19' title='bbox 1653 1651 1742 1930; x_wconf 95' lang='lat' dir='ltr'>   </span> 
     </span>
     <span class='ocr_line' id='line_1_10' title="bbox 1677 1930 1742 2033; baseline 0 839"><span class='ocrx_word' id='word_1_20' title='bbox 1677 1930 1742 2033; x_wconf 95' lang='lat' dir='ltr'> </span> 
     </span>
     <span class='ocr_line' id='line_1_11' title="bbox 1672 2033 1742 2214; baseline 0 -129"><span class='ocrx_word' id='word_1_21' title='bbox 1672 2033 1742 2214; x_wconf 95' lang='lat' dir='ltr'>  </span> 
     </span>
     <span class='ocr_line' id='line_1_12' title="bbox 1666 2214 1742 2278; baseline 0 594"><span class='ocrx_word' id='word_1_22' title='bbox 1666 2214 1742 2278; x_wconf 95' lang='lat' dir='ltr'> </span> 
     </span>
     <span class='ocr_line' id='line_1_13' title="bbox 1667 2278 1742 2872; baseline 0 0"><span class='ocrx_word' id='word_1_23' title='bbox 1667 2278 1742 2872; x_wconf 95' lang='lat' dir='ltr'>   </span> 
     </span>
    </p>
   </div>
   <div class='ocr_carea' id='block_1_4' title="bbox 108 309 1742 2460">
    <p class='ocr_par' dir='ltr' id='par_1_4' title="bbox 108 309 1742 754">
     <span class='ocr_line' id='line_1_14' title="bbox 108 309 1687 373; baseline 0 -16"><span class='ocrx_word' id='word_1_24' title='bbox 108 331 144 338; x_wconf 25' lang='lat' dir='ltr'>e</span> <span class='ocrx_word' id='word_1_25' title='bbox 205 311 371 358; x_wconf 90' lang='lat' dir='ltr'>dicitis</span> <span class='ocrx_word' id='word_1_26' title='bbox 406 326 488 357; x_wconf 90' lang='lat' dir='ltr'>me</span> <span class='ocrx_word' id='word_1_27' title='bbox 525 309 828 372; x_wconf 82' lang='lat' dir='ltr'>prudentem</span> <span class='ocrx_word' id='word_1_28' title='bbox 865 324 991 366; x_wconf 89' lang='lat' dir='ltr'>esse,</span> <span class='ocrx_word' id='word_1_29' title='bbox 1028 325 1123 371; x_wconf 90' lang='lat' dir='ltr'>ego</span> <span class='ocrx_word' id='word_1_30' title='bbox 1158 315 1330 356; x_wconf 88' lang='lat' dir='ltr'>autem</span> <span class='ocrx_word' id='word_1_31' title='bbox 1365 309 1528 368; x_wconf 87' lang='lat' dir='ltr'>video,</span> <span class='ocrx_word' id='word_1_32' title='bbox 1553 327 1687 373; x_wconf 64' lang='grc' dir='ltr'>(μαι</span> 
     </span>
     <span class='ocr_line' id='line_1_15' title="bbox 204 404 1690 466; baseline 0.001 -15"><span class='ocrx_word' id='word_1_33' title='bbox 204 405 365 452; x_wconf 88' lang='lat' dir='ltr'>multa</span> <span class='ocrx_word' id='word_1_34' title='bbox 388 404 586 451; x_wconf 84' lang='lat' dir='ltr'>inutilia</span> <span class='ocrx_word' id='word_1_35' title='bbox 610 406 974 466; x_wconf 86' lang='lat' dir='ltr'>concupiscam,</span> <span class='ocrx_word' id='word_1_36' title='bbox 999 407 1225 450; x_wconf 88' lang='lat' dir='ltr'>nocitura</span> <span class='ocrx_word' id='word_1_37' title='bbox 1244 410 1429 466; x_wconf 89' lang='lat' dir='ltr'>optem.</span> <span class='ocrx_word' id='word_1_38' title='bbox 1504 406 1550 451; x_wconf 96' lang='lat' dir='ltr'>N</span> <span class='ocrx_word' id='word_1_39' title='bbox 1554 422 1582 452; x_wconf 90' lang='lat' dir='ltr'>e</span> <span class='ocrx_word' id='word_1_40' title='bbox 1608 405 1690 452; x_wconf 92' lang='lat' dir='ltr'>ho</span> 
     </span>
     <span class='ocr_line' id='line_1_16' title="bbox 205 498 1733 564; baseline -0.001 -16"><span class='ocrx_word' id='word_1_41' title='bbox 205 502 411 564; x_wconf 92' lang='lat' dir='ltr'>quidem</span> <span class='ocrx_word' id='word_1_42' title='bbox 435 499 698 562; x_wconf 89' lang='lat' dir='ltr'>intellego,</span> <span class='ocrx_word' id='word_1_43' title='bbox 723 498 857 562; x_wconf 91' lang='lat' dir='ltr'>quod</span> <span class='ocrx_word' id='word_1_44' title='bbox 890 498 1188 544; x_wconf 90' lang='lat' dir='ltr'>animalibus</span> <span class='ocrx_word' id='word_1_45' title='bbox 1213 502 1416 545; x_wconf 87' lang='lat' dir='ltr'>satietas</span> <span class='ocrx_word' id='word_1_46' title='bbox 1440 506 1662 546; x_wconf 88' lang='lat' dir='ltr'>monstra</span> <span class='ocrx_word' id='word_1_47' title='bbox 1691 561 1694 564; x_wconf 12' lang='grc' dir='ltr'><strong><em>Δ</em></strong></span> <span class='ocrx_word' id='word_1_48' title='bbox 1724 511 1733 562; x_wconf 45' lang='lat'>2</span> 
     </span>
     <span class='ocr_line' id='line_1_17' title="bbox 207 583 1742 660; baseline -0.004 -17"><span class='ocrx_word' id='word_1_49' title='bbox 207 600 316 660; x_wconf 89' lang='lat' dir='ltr'>quis</span> <span class='ocrx_word' id='word_1_50' title='bbox 341 593 453 643; x_wconf 90' lang='lat' dir='ltr'>cibo</span> <span class='ocrx_word' id='word_1_51' title='bbox 477 595 662 642; x_wconf 89' lang='lat' dir='ltr'>debeat</span> <span class='ocrx_word' id='word_1_52' title='bbox 687 610 813 652; x_wconf 89' lang='lat' dir='ltr'>esse,</span> <span class='ocrx_word' id='word_1_53' title='bbox 833 596 943 656; x_wconf 91' lang='lat' dir='ltr'>quis</span> <span class='ocrx_word' id='word_1_54' title='bbox 968 596 1159 655; x_wconf 91' lang='lat' dir='ltr'>potioni</span> <span class='ocrx_word' id='word_1_55' title='bbox 1179 593 1368 640; x_wconf 89' lang='lat' dir='ltr'>modus.</span> <span class='ocrx_word' id='word_1_56' title='bbox 1441 593 1617 653; x_wconf 82' lang='lat' dir='ltr'>Quant</span> <span class='ocrx_word' id='word_1_57' title='bbox 1664 616 1688 637; x_wconf 72' lang='grc' dir='ltr'>ι.</span> <span class='ocrx_word' id='word_1_58' title='bbox 1741 583 1742 590; x_wconf 11' lang='grc' dir='ltr'>ἵ</span> 
     </span>
     <span class='ocr_line' id='line_1_18' title="bbox 209 688 830 754; baseline -0.003 -16"><span class='ocrx_word' id='word_1_59' title='bbox 209 695 400 754; x_wconf 91' lang='lat' dir='ltr'>capiam</span> <span class='ocrx_word' id='word_1_60' title='bbox 424 690 589 738; x_wconf 91' lang='lat' dir='ltr'>adhuc</span> <span class='ocrx_word' id='word_1_61' title='bbox 613 688 830 737; x_wconf 89' lang='lat' dir='ltr'>nescio.”</span> 
     </span>
    </p>

    <p class='ocr_par' dir='ltr' id='par_1_5' title="bbox 126 784 1742 2073">
     <span class='ocr_line' id='line_1_19' title="bbox 126 784 1694 849; baseline -0.001 -15"><span class='ocrx_word' id='word_1_62' title='bbox 126 787 187 834; x_wconf 88' lang='lat'>14</span> <span class='ocrx_word' id='word_1_63' title='bbox 293 787 398 833; x_wconf 90' lang='lat' dir='ltr'>Iam</span> <span class='ocrx_word' id='word_1_64' title='bbox 424 786 632 844; x_wconf 86' lang='lat' dir='ltr'>docebo,</span> <span class='ocrx_word' id='word_1_65' title='bbox 651 786 1074 849; x_wconf 88' lang='lat' dir='ltr'>quemadmodum</span> <span class='ocrx_word' id='word_1_66' title='bbox 1099 784 1366 848; x_wconf 89' lang='lat' dir='ltr'>intellegas</span> <span class='ocrx_word' id='word_1_67' title='bbox 1391 790 1444 831; x_wconf 89' lang='lat' dir='ltr'>te</span> <span class='ocrx_word' id='word_1_68' title='bbox 1469 801 1571 832; x_wconf 92' lang='lat' dir='ltr'>non</span> <span class='ocrx_word' id='word_1_69' title='bbox 1595 801 1694 833; x_wconf 90' lang='lat' dir='ltr'>ess</span> 
     </span>
     <span class='ocr_line' id='line_1_20' title="bbox 207 863 1741 945; baseline 0 -17"><span class='ocrx_word' id='word_1_70' title='bbox 207 885 501 945; x_wconf 89' lang='lat' dir='ltr'>sapientem.</span> <span class='ocrx_word' id='word_1_71' title='bbox 576 879 783 943; x_wconf 87' lang='lat' dir='ltr'>Sapiens</span> <span class='ocrx_word' id='word_1_72' title='bbox 809 881 896 928; x_wconf 91' lang='lat' dir='ltr'>ille</span> <span class='ocrx_word' id='word_1_73' title='bbox 927 881 1108 944; x_wconf 89' lang='lat' dir='ltr'>plenus</span> <span class='ocrx_word' id='word_1_74' title='bbox 1133 885 1211 926; x_wconf 91' lang='lat' dir='ltr'>est</span> <span class='ocrx_word' id='word_1_75' title='bbox 1234 879 1433 942; x_wconf 86' lang='lat' dir='ltr'>gaudio,</span> <span class='ocrx_word' id='word_1_76' title='bbox 1458 879 1626 926; x_wconf 89' lang='lat' dir='ltr'>hilaris</span> <span class='ocrx_word' id='word_1_77' title='bbox 1650 896 1679 928; x_wconf 88' lang='lat' dir='ltr'>e</span> <span class='ocrx_word' id='word_1_78' title='bbox 1727 863 1741 931; x_wconf 55' lang='grc' dir='ltr'>,Ῐ</span> 
     </span>
     <span class='ocr_line' id='line_1_21' title="bbox 209 975 1693 1040; baseline -0.001 -17"><span class='ocrx_word' id='word_1_79' title='bbox 209 976 450 1040; x_wconf 85' lang='lat' dir='ltr'>placiduS,</span> <span class='ocrx_word' id='word_1_80' title='bbox 475 980 827 1033; x_wconf 91' lang='lat' dir='ltr'>inconcussus;</span> <span class='ocrx_word' id='word_1_81' title='bbox 863 993 976 1022; x_wconf 90' lang='lat' dir='ltr'>cum</span> <span class='ocrx_word' id='word_1_82' title='bbox 1009 975 1086 1021; x_wconf 88' lang='lat' dir='ltr'>dis</span> <span class='ocrx_word' id='word_1_83' title='bbox 1120 990 1181 1021; x_wconf 88' lang='lat' dir='ltr'>ex</span> <span class='ocrx_word' id='word_1_84' title='bbox 1214 977 1319 1036; x_wconf 87' lang='lat' dir='ltr'>pari</span> <span class='ocrx_word' id='word_1_85' title='bbox 1347 977 1482 1021; x_wconf 88' lang='lat' dir='ltr'>vivit.</span> <span class='ocrx_word' id='word_1_86' title='bbox 1558 975 1693 1022; x_wconf 90' lang='lat' dir='ltr'>Nun</span> 
     </span>
     <span class='ocr_line' id='line_1_22' title="bbox 209 1066 1739 1135; baseline -0.003 -17"><span class='ocrx_word' id='word_1_87' title='bbox 209 1076 317 1135; x_wconf 90' lang='lat' dir='ltr'>ipse</span> <span class='ocrx_word' id='word_1_88' title='bbox 340 1078 395 1119; x_wconf 91' lang='lat' dir='ltr'>te</span> <span class='ocrx_word' id='word_1_89' title='bbox 420 1070 654 1126; x_wconf 83' lang='lat' dir='ltr'>consule3</span> <span class='ocrx_word' id='word_1_90' title='bbox 690 1075 730 1117; x_wconf 91' lang='lat' dir='ltr'>si</span> <span class='ocrx_word' id='word_1_91' title='bbox 763 1087 1037 1134; x_wconf 86' lang='lat' dir='ltr'>numquam</span> <span class='ocrx_word' id='word_1_92' title='bbox 1070 1075 1290 1116; x_wconf 89' lang='lat' dir='ltr'>maestus</span> <span class='ocrx_word' id='word_1_93' title='bbox 1326 1085 1396 1127; x_wconf 91' lang='lat' dir='ltr'>es,</span> <span class='ocrx_word' id='word_1_94' title='bbox 1420 1069 1559 1116; x_wconf 89' lang='lat' dir='ltr'>nulla</span> <span class='ocrx_word' id='word_1_95' title='bbox 1591 1086 1669 1133; x_wconf 92' lang='lat' dir='ltr'>sp</span> <span class='ocrx_word' id='word_1_96' title='bbox 1724 1066 1739 1114; x_wconf 56' lang='grc' dir='ltr'><strong>δῖ</strong></span> 
     </span>
     <span class='ocr_line' id='line_1_23' title="bbox 207 1164 1682 1229; baseline -0.003 -16"><span class='ocrx_word' id='word_1_97' title='bbox 207 1170 431 1213; x_wconf 85' lang='lat' dir='ltr'>animum</span> <span class='ocrx_word' id='word_1_98' title='bbox 465 1172 608 1212; x_wconf 91' lang='lat' dir='ltr'>tuum</span> <span class='ocrx_word' id='word_1_99' title='bbox 646 1164 800 1212; x_wconf 89' lang='lat' dir='ltr'>futuri</span> <span class='ocrx_word' id='word_1_100' title='bbox 844 1168 1219 1228; x_wconf 84' lang='lat' dir='ltr'>exspectatione</span> <span class='ocrx_word' id='word_1_101' title='bbox 1256 1164 1506 1224; x_wconf 89' lang='lat' dir='ltr'>sollicitat,</span> <span class='ocrx_word' id='word_1_102' title='bbox 1539 1169 1579 1212; x_wconf 90' lang='lat' dir='ltr'>si</span> <span class='ocrx_word' id='word_1_103' title='bbox 1614 1183 1682 1229; x_wconf 92' lang='lat' dir='ltr'>p</span> 
     </span>
     <span class='ocr_line' id='line_1_24' title="bbox 209 1259 1718 1324; baseline -0.001 -14"><span class='ocrx_word' id='word_1_104' title='bbox 209 1263 316 1311; x_wconf 90' lang='lat' dir='ltr'>dies</span> <span class='ocrx_word' id='word_1_105' title='bbox 340 1267 615 1324; x_wconf 88' lang='lat' dir='ltr'>noctesque</span> <span class='ocrx_word' id='word_1_106' title='bbox 648 1277 737 1324; x_wconf 87' lang='lat' dir='ltr'>par</span> <span class='ocrx_word' id='word_1_107' title='bbox 769 1267 822 1307; x_wconf 94' lang='lat' dir='ltr'>et</span> <span class='ocrx_word' id='word_1_108' title='bbox 853 1259 1073 1324; x_wconf 90' lang='lat' dir='ltr'>aequalis</span> <span class='ocrx_word' id='word_1_109' title='bbox 1109 1262 1260 1306; x_wconf 88' lang='lat' dir='ltr'>animi</span> <span class='ocrx_word' id='word_1_110' title='bbox 1293 1265 1440 1307; x_wconf 89' lang='lat' dir='ltr'>tenor</span> <span class='ocrx_word' id='word_1_111' title='bbox 1471 1265 1626 1308; x_wconf 89' lang='lat' dir='ltr'>erecti</span> <span class='ocrx_word' id='word_1_112' title='bbox 1662 1282 1681 1287; x_wconf 43' lang='lat'>·‘</span> <span class='ocrx_word' id='word_1_113' title='bbox 1709 1269 1718 1319; x_wconf 74' lang='lat' dir='ltr'>j</span> 
     </span>
     <span class='ocr_line' id='line_1_25' title="bbox 209 1354 1675 1422; baseline -0.003 -17"><span class='ocrx_word' id='word_1_114' title='bbox 209 1358 454 1422; x_wconf 85' lang='lat' dir='ltr'>placentis</span> <span class='ocrx_word' id='word_1_115' title='bbox 478 1357 571 1404; x_wconf 86' lang='lat' dir='ltr'>sibi</span> <span class='ocrx_word' id='word_1_116' title='bbox 591 1362 685 1414; x_wconf 88' lang='lat' dir='ltr'>est,</span> <span class='ocrx_word' id='word_1_117' title='bbox 704 1359 976 1419; x_wconf 88' lang='lat' dir='ltr'>pervenisti</span> <span class='ocrx_word' id='word_1_118' title='bbox 1000 1355 1064 1402; x_wconf 90' lang='lat' dir='ltr'>ad</span> <span class='ocrx_word' id='word_1_119' title='bbox 1083 1354 1288 1401; x_wconf 83' lang='lat' dir='ltr'>humani</span> <span class='ocrx_word' id='word_1_120' title='bbox 1307 1355 1426 1402; x_wconf 92' lang='lat' dir='ltr'>boni</span> <span class='ocrx_word' id='word_1_121' title='bbox 1445 1372 1638 1404; x_wconf 86' lang='lat' dir='ltr'>summa</span> <span class='ocrx_word' id='word_1_122' title='bbox 1667 1379 1675 1400; x_wconf 83' lang='grc' dir='ltr'>ι</span> 
     </span>
     <span class='ocr_line' id='line_1_26' title="bbox 210 1450 1710 1514; baseline -0.002 -13"><span class='ocrx_word' id='word_1_123' title='bbox 210 1453 312 1501; x_wconf 89' lang='lat' dir='ltr'>Sed</span> <span class='ocrx_word' id='word_1_124' title='bbox 338 1456 378 1499; x_wconf 90' lang='lat' dir='ltr'>si</span> <span class='ocrx_word' id='word_1_125' title='bbox 401 1451 598 1514; x_wconf 86' lang='lat' dir='ltr'>adpetis</span> <span class='ocrx_word' id='word_1_126' title='bbox 624 1451 909 1514; x_wconf 89' lang='lat' dir='ltr'>voluptates</span> <span class='ocrx_word' id='word_1_127' title='bbox 942 1456 997 1498; x_wconf 89' lang='lat' dir='ltr'>et</span> <span class='ocrx_word' id='word_1_128' title='bbox 1029 1450 1252 1513; x_wconf 91' lang='lat' dir='ltr'>undique</span> <span class='ocrx_word' id='word_1_129' title='bbox 1288 1457 1342 1497; x_wconf 87' lang='lat' dir='ltr'>et</span> <span class='ocrx_word' id='word_1_130' title='bbox 1366 1467 1556 1510; x_wconf 90' lang='lat' dir='ltr'>omnes,</span> <span class='ocrx_word' id='word_1_131' title='bbox 1581 1455 1649 1498; x_wconf 94' lang='lat' dir='ltr'>sci</span> <span class='ocrx_word' id='word_1_132' title='bbox 1705 1470 1710 1505; x_wconf 71' lang='lat'><em>;</em></span> 
     </span>
     <span class='ocr_line' id='line_1_27' title="bbox 210 1545 1714 1610; baseline 0.001 -15"><span class='ocrx_word' id='word_1_133' title='bbox 210 1555 409 1596; x_wconf 86' lang='lat' dir='ltr'>tantum</span> <span class='ocrx_word' id='word_1_134' title='bbox 434 1548 527 1595; x_wconf 91' lang='lat' dir='ltr'>tibi</span> <span class='ocrx_word' id='word_1_135' title='bbox 552 1563 614 1595; x_wconf 88' lang='lat' dir='ltr'>ex</span> <span class='ocrx_word' id='word_1_136' title='bbox 639 1549 900 1610; x_wconf 85' lang='lat' dir='ltr'>sapientia,</span> <span class='ocrx_word' id='word_1_137' title='bbox 925 1551 1169 1609; x_wconf 88' lang='lat' dir='ltr'>quantum</span> <span class='ocrx_word' id='word_1_138' title='bbox 1203 1561 1266 1592; x_wconf 89' lang='lat' dir='ltr'>ex</span> <span class='ocrx_word' id='word_1_139' title='bbox 1297 1545 1481 1609; x_wconf 89' lang='lat' dir='ltr'>gaudio</span> <span class='ocrx_word' id='word_1_140' title='bbox 1513 1545 1714 1597; x_wconf 47' lang='lat' dir='ltr'>deesse}</span> 
     </span>
     <span class='ocr_line' id='line_1_28' title="bbox 211 1641 1699 1706; baseline -0.001 -15"><span class='ocrx_word' id='word_1_141' title='bbox 211 1644 294 1691; x_wconf 93' lang='lat' dir='ltr'>Ad</span> <span class='ocrx_word' id='word_1_142' title='bbox 328 1643 423 1691; x_wconf 92' lang='lat' dir='ltr'>hoc</span> <span class='ocrx_word' id='word_1_143' title='bbox 455 1646 594 1706; x_wconf 90' lang='lat' dir='ltr'>cupis</span> <span class='ocrx_word' id='word_1_144' title='bbox 623 1645 902 1706; x_wconf 88' lang='lat' dir='ltr'>pervenire,</span> <span class='ocrx_word' id='word_1_145' title='bbox 926 1641 1015 1689; x_wconf 89' lang='lat' dir='ltr'>sed</span> <span class='ocrx_word' id='word_1_146' title='bbox 1048 1657 1196 1699; x_wconf 88' lang='lat' dir='ltr'>erras,</span> <span class='ocrx_word' id='word_1_147' title='bbox 1229 1644 1313 1705; x_wconf 91' lang='lat' dir='ltr'>qui</span> <span class='ocrx_word' id='word_1_148' title='bbox 1344 1644 1478 1689; x_wconf 89' lang='lat' dir='ltr'>inter</span> <span class='ocrx_word' id='word_1_149' title='bbox 1508 1642 1699 1690; x_wconf 80' lang='lat' dir='ltr'>diviti:</span> 
     </span>
     <span class='ocr_line' id='line_1_29' title="bbox 209 1734 1691 1798; baseline 0 -12"><span class='ocrx_word' id='word_1_150' title='bbox 209 1740 330 1786; x_wconf 90' lang='lat' dir='ltr'>illuc</span> <span class='ocrx_word' id='word_1_151' title='bbox 362 1744 629 1786; x_wconf 86' lang='lat' dir='ltr'>venturum</span> <span class='ocrx_word' id='word_1_152' title='bbox 662 1752 771 1784; x_wconf 87' lang='lat' dir='ltr'>esse</span> <span class='ocrx_word' id='word_1_153' title='bbox 803 1743 857 1783; x_wconf 89' lang='lat' dir='ltr'>te</span> <span class='ocrx_word' id='word_1_154' title='bbox 889 1752 1074 1798; x_wconf 83' lang='lat' dir='ltr'>speraS,</span> <span class='ocrx_word' id='word_1_155' title='bbox 1106 1739 1240 1782; x_wconf 89' lang='lat' dir='ltr'>inter</span> <span class='ocrx_word' id='word_1_156' title='bbox 1274 1734 1503 1795; x_wconf 90' lang='lat' dir='ltr'>honores,</span> <span class='ocrx_word' id='word_1_157' title='bbox 1527 1737 1691 1786; x_wconf 86' lang='lat' dir='ltr'>idest</span> 
     </span>
     <span class='ocr_line' id='line_1_30' title="bbox 211 1830 1698 1897; baseline 0 -16"><span class='ocrx_word' id='word_1_158' title='bbox 211 1834 446 1897; x_wconf 89' lang='lat' dir='ltr'>gaudium</span> <span class='ocrx_word' id='word_1_159' title='bbox 482 1837 616 1879; x_wconf 89' lang='lat' dir='ltr'>inter</span> <span class='ocrx_word' id='word_1_160' title='bbox 647 1831 1009 1879; x_wconf 88' lang='lat' dir='ltr'>sollicitudines</span> <span class='ocrx_word' id='word_1_161' title='bbox 1041 1834 1250 1894; x_wconf 89' lang='lat' dir='ltr'>quaeris.</span> <span class='ocrx_word' id='word_1_162' title='bbox 1326 1830 1445 1890; x_wconf 84' lang='lat' dir='ltr'>Ista,</span> <span class='ocrx_word' id='word_1_163' title='bbox 1476 1848 1605 1895; x_wconf 89' lang='lat' dir='ltr'>quae</span> <span class='ocrx_word' id='word_1_164' title='bbox 1637 1836 1698 1881; x_wconf 87' lang='lat' dir='ltr'>si</span> 
     </span>
     <span class='ocr_line' id='line_1_31' title="bbox 211 1904 1728 1994; baseline -0.002 -17"><span class='ocrx_word' id='word_1_165' title='bbox 211 1933 341 1994; x_wconf 89' lang='lat' dir='ltr'>petis</span> <span class='ocrx_word' id='word_1_166' title='bbox 367 1936 622 1992; x_wconf 89' lang='lat' dir='ltr'>tamquam</span> <span class='ocrx_word' id='word_1_167' title='bbox 641 1927 819 1974; x_wconf 85' lang='lat' dir='ltr'>datura</span> <span class='ocrx_word' id='word_1_168' title='bbox 837 1927 1083 1974; x_wconf 85' lang='lat' dir='ltr'>laetitiam</span> <span class='ocrx_word' id='word_1_169' title='bbox 1107 1943 1164 1973; x_wconf 82' lang='lat' dir='ltr'>ac</span> <span class='ocrx_word' id='word_1_170' title='bbox 1186 1916 1511 1989; x_wconf 82' lang='lat' dir='ltr'>voluptatem,</span> <span class='ocrx_word' id='word_1_171' title='bbox 1530 1943 1696 1974; x_wconf 87' lang='lat' dir='ltr'>causa</span> <span class='ocrx_word' id='word_1_172' title='bbox 1723 1904 1728 1909; x_wconf 28' lang='lat' dir='ltr'>v</span> 
     </span>
     <span class='ocr_line' id='line_1_32' title="bbox 211 2026 593 2073; baseline -0.008 0"><span class='ocrx_word' id='word_1_173' title='bbox 211 2026 438 2073; x_wconf 90' lang='lat' dir='ltr'>dolorum</span> <span class='ocrx_word' id='word_1_174' title='bbox 463 2030 593 2071; x_wconf 89' lang='lat' dir='ltr'>sunt.</span> 
     </span>
    </p>

    <p class='ocr_par' dir='ltr' id='par_1_6' title="bbox 132 2117 1691 2460">
     <span class='ocr_line' id='line_1_33' title="bbox 132 2117 1689 2182; baseline -0.004 -13"><span class='ocrx_word' id='word_1_175' title='bbox 132 2129 189 2176; x_wconf 87' lang='lat'>15</span> <span class='ocrx_word' id='word_1_176' title='bbox 294 2121 503 2178; x_wconf 89' lang='lat' dir='ltr'>Omnes,</span> <span class='ocrx_word' id='word_1_177' title='bbox 549 2123 770 2182; x_wconf 91' lang='lat' dir='ltr'>inquam,</span> <span class='ocrx_word' id='word_1_178' title='bbox 818 2118 890 2164; x_wconf 85' lang='lat' dir='ltr'>illi</span> <span class='ocrx_word' id='word_1_179' title='bbox 951 2117 1170 2164; x_wconf 87' lang='lat' dir='ltr'>tendunt</span> <span class='ocrx_word' id='word_1_180' title='bbox 1215 2117 1280 2164; x_wconf 83' lang='lat' dir='ltr'>ad</span> <span class='ocrx_word' id='word_1_181' title='bbox 1326 2118 1581 2180; x_wconf 87' lang='lat' dir='ltr'>gaudium,</span> <span class='ocrx_word' id='word_1_182' title='bbox 1617 2135 1689 2166; x_wconf 88' lang='lat' dir='ltr'>se</span> 
     </span>
     <span class='ocr_line' id='line_1_34' title="bbox 210 2204 1691 2276; baseline -0.001 -13"><span class='ocrx_word' id='word_1_183' title='bbox 210 2216 346 2263; x_wconf 92' lang='lat' dir='ltr'>unde</span> <span class='ocrx_word' id='word_1_184' title='bbox 394 2214 574 2262; x_wconf 89' lang='lat' dir='ltr'>stabile</span> <span class='ocrx_word' id='word_1_185' title='bbox 627 2229 967 2276; x_wconf 89' lang='lat' dir='ltr'>magnumque</span> <span class='ocrx_word' id='word_1_186' title='bbox 1025 2219 1409 2276; x_wconf 89' lang='lat' dir='ltr'>consequantur,</span> <span class='ocrx_word' id='word_1_187' title='bbox 1456 2204 1691 2276; x_wconf 64' lang='lat' dir='ltr'>ignoran-&gt;</span> 
     </span>
     <span class='ocr_line' id='line_1_35' title="bbox 212 2307 1679 2365; baseline -0.001 -7"><span class='ocrx_word' id='word_1_188' title='bbox 212 2311 306 2358; x_wconf 93' lang='lat' dir='ltr'>Ille</span> <span class='ocrx_word' id='word_1_189' title='bbox 348 2327 410 2358; x_wconf 88' lang='lat' dir='ltr'>ex</span> <span class='ocrx_word' id='word_1_190' title='bbox 458 2311 695 2356; x_wconf 89' lang='lat' dir='ltr'>conviviis</span> <span class='ocrx_word' id='word_1_191' title='bbox 743 2314 796 2355; x_wconf 91' lang='lat' dir='ltr'>et</span> <span class='ocrx_word' id='word_1_192' title='bbox 841 2307 1052 2365; x_wconf 89' lang='lat' dir='ltr'>luxuria,</span> <span class='ocrx_word' id='word_1_193' title='bbox 1088 2307 1174 2354; x_wconf 88' lang='lat' dir='ltr'>ille</span> <span class='ocrx_word' id='word_1_194' title='bbox 1222 2323 1284 2354; x_wconf 91' lang='lat' dir='ltr'>ex</span> <span class='ocrx_word' id='word_1_195' title='bbox 1331 2308 1604 2355; x_wconf 90' lang='lat' dir='ltr'>ambitione</span> <span class='ocrx_word' id='word_1_196' title='bbox 1652 2326 1679 2356; x_wconf 90' lang='lat' dir='ltr'>e</span> 
     </span>
     <span class='ocr_line' id='line_1_36' title="bbox 211 2402 1670 2460; baseline -0.001 -6"><span class='ocrx_word' id='word_1_197' title='bbox 211 2406 508 2455; x_wconf 88' lang='lat' dir='ltr'>circumfusa</span> <span class='ocrx_word' id='word_1_198' title='bbox 548 2404 809 2450; x_wconf 90' lang='lat' dir='ltr'>clientium</span> <span class='ocrx_word' id='word_1_199' title='bbox 853 2403 1014 2460; x_wconf 86' lang='lat' dir='ltr'>turba,</span> <span class='ocrx_word' id='word_1_200' title='bbox 1050 2402 1135 2449; x_wconf 92' lang='lat' dir='ltr'>ille</span> <span class='ocrx_word' id='word_1_201' title='bbox 1177 2418 1238 2450; x_wconf 89' lang='lat' dir='ltr'>ex</span> <span class='ocrx_word' id='word_1_202' title='bbox 1273 2405 1447 2459; x_wconf 86' lang='lat' dir='ltr'>amica,</span> <span class='ocrx_word' id='word_1_203' title='bbox 1482 2402 1607 2451; x_wconf 88' lang='lat' dir='ltr'>alius</span> <span class='ocrx_word' id='word_1_204' title='bbox 1642 2421 1670 2452; x_wconf 89' lang='lat' dir='ltr'>e</span> 
     </span>
    </p>
   </div>
   <div class='ocr_carea' id='block_1_5' title="bbox 209 2498 1685 2626">
    <p class='ocr_par' dir='ltr' id='par_1_7' title="bbox 209 2498 1685 2626">
     <span class='ocr_line' id='line_1_37' title="bbox 210 2498 1685 2549; baseline -0.001 0"><span class='ocrx_word' id='word_1_205' title='bbox 210 2501 488 2549; x_wconf 87' lang='lat' dir='ltr'>studiorum</span> <span class='ocrx_word' id='word_1_206' title='bbox 547 2498 826 2546; x_wconf 83' lang='lat' dir='ltr'>liberalium</span> <span class='ocrx_word' id='word_1_207' title='bbox 886 2514 1011 2544; x_wconf 88' lang='lat' dir='ltr'>vana</span> <span class='ocrx_word' id='word_1_208' title='bbox 1067 2499 1407 2544; x_wconf 89' lang='lat' dir='ltr'>ostentatione</span> <span class='ocrx_word' id='word_1_209' title='bbox 1465 2503 1518 2544; x_wconf 91' lang='lat' dir='ltr'>et</span> <span class='ocrx_word' id='word_1_210' title='bbox 1577 2499 1685 2547; x_wconf 90' lang='lat' dir='ltr'>nih</span> 
     </span>
     <span class='ocr_line' id='line_1_38' title="bbox 209 2583 306 2626; baseline 0 -1"><span class='ocrx_word' id='word_1_211' title='bbox 209 2583 306 2626; x_wconf 85' lang='lat'>418</span> 
     </span>
    </p>
   </div>
  </div>
 </body>
</html>
