1742 2872
471 155 615 201 THE
652 155 972 203 EPISTLES
1010 156 1099 203 OF
1135 156 1398 203 SENECA

144 301 167 306 ,μ
187 267 499 325 coarguimus
535 264 638 322 illa,
673 282 802 328 quae
837 282 927 313 nos
962 269 1015 312 in
1049 272 1244 312 metum
1278 265 1553 325 adducunt,
1588 283 1680 313 nec
1736 259 1742 268 ¹

188 355 484 409 excutimus,
527 353 617 399 sed
663 353 972 415 trepidamus
1021 360 1075 400 et
1123 356 1192 399 sic
1234 357 1472 400 vertimus
1519 361 1678 418 terga,

187 439 609 502 quemadmodum
642 441 731 499 illi,
757 458 879 505 quos
903 442 1066 504 pulvis
1097 447 1263 488 motus
1295 442 1415 504 fuga
1443 459 1678 505 pecorum

186 530 327 573 exuit
373 531 563 586 castris,
605 535 693 575 aut
734 546 858 592 quos
899 529 1065 592 aliqua
1112 529 1280 575 fabula
1326 533 1433 576 sine
1475 537 1676 578 auctore
1741 572 1742 585 ἢ

133 616 161 663 9
186 630 352 676 sparsa
387 620 678 663 conterruit.
752 618 935 664 Nescio
959 617 1209 680 quomodo
1233 621 1391 680 magis
1415 635 1540 664 vana
1565 635 1676 682 per·
1738 587 1742 669 l

182 703 405 749 turbant.
480 704 609 750 Vera
651 708 785 752 enim
832 705 1037 751 modum
1079 721 1223 751 suum
1270 705 1492 762 habent3
1539 710 1674 770 quic·
1739 680 1742 775 ἰ

181 791 303 853 quid
329 807 391 838 ex
415 795 609 840 incerto
643 797 798 851 venit,
823 797 1141 840 coniecturae
1175 799 1229 840 et
1262 798 1490 856 paventis
1522 799 1673 842 animi

180 877 415 927 licentiae
449 881 676 928 traditur.
754 881 891 927 Nulli
923 885 1095 944 itaque
1127 887 1231 927 tam
1264 885 1544 943 perniciosi,
1569 889 1673 929 tam

179 969 539 1016 inrevocabiles
574 986 724 1033 quam
759 970 1055 1034 lymphatici
1095 976 1262 1016 metus
1302 977 1432 1018 sunt.
1507 971 1673 1019 Ceteri

181 1062 315 1105 enim
341 1061 449 1105 sine
473 1062 683 1117 ratione,
708 1059 761 1105 hi
787 1063 894 1106 sine
917 1065 1090 1106 mente
1115 1064 1248 1105 sunt.

98 1142 156 1190 10
263 1146 578 1209 Inquiramus
610 1151 782 1211 itaque
815 1151 868 1194 in
897 1164 1003 1195 rem
1028 1147 1314 1210 diligenter.
1391 1148 1670 1196 Verisimile

179 1242 258 1283 est
298 1235 488 1298 aliquid
529 1235 754 1282 futurum
794 1236 942 1292 mali3
994 1231 1097 1282 non
1144 1238 1315 1281 statim
1362 1252 1533 1282 verum
1576 1243 1667 1283 est.

178 1324 343 1383 Quam
368 1324 528 1371 multa
552 1341 654 1371 non
679 1331 948 1388 expectata
972 1324 1248 1372 venerunt!
1321 1323 1486 1382 Quam
1511 1324 1671 1371 multa

178 1419 446 1476 expectata
480 1430 726 1477 nusquam
763 1413 1162 1476 conparuerunt!
1249 1413 1417 1459 Etiam
1459 1416 1498 1459 si
1533 1412 1668 1460 futu-

176 1517 286 1549 rum
311 1508 405 1560 est,
430 1501 552 1565 quid
576 1506 713 1548 iuvat
738 1502 898 1548 dolori
934 1518 1022 1549 suo
1047 1503 1343 1548 occurrere?
1413 1499 1544 1547 Satis
1568 1503 1670 1548 cito

177 1589 388 1648 dolebis,
413 1606 528 1637 cum
552 1592 779 1645 venerit,
814 1592 1020 1637 interim
1052 1589 1147 1635 tibi
1181 1588 1388 1635 meliora
1412 1592 1665 1651 promitte.

92 1673 148 1720 ll
178 1678 314 1737 Quid
357 1678 510 1725 facies
556 1677 716 1724 lucri?
788 1677 1022 1739 Tempus.
1097 1676 1263 1723 Multa
1309 1679 1668 1735 intervenient,
1739 1721 1742 1726 .

176 1768 356 1831 quibus
397 1769 618 1813 vicinum
657 1764 934 1827 periculum
975 1764 1056 1811 vel
1092 1780 1247 1827 prope
1283 1764 1544 1811 admotum
1579 1773 1669 1814 aut

176 1857 415 1903 subsistat
449 1861 539 1901 aut
573 1854 772 1900 desinat
804 1860 893 1900 aut
923 1856 977 1899 in
1008 1853 1228 1900 alienum
1254 1858 1405 1915 caput
1429 1859 1664 1900 transeat.

177 1944 476 1991 Incendium
500 1942 564 1989 ad
588 1942 760 2004 fugam
785 1944 951 2004 patuit
970 1957 981 1997 ;
1017 1940 1260 2003 quosdam
1283 1940 1504 1987 molliter
1525 1944 1669 1988 ruina

176 2032 410 2095 deposuit
428 2047 439 2088 3
474 2030 743 2094 aliquando
762 2029 960 2093 gladius
978 2029 1042 2074 ab
1060 2032 1168 2092 ipsa
1191 2031 1384 2076 cervice
1408 2035 1667 2077 revocatus

176 2127 283 2178 est3
319 2120 497 2183 aliquis
522 2117 737 2165 carnifici
763 2133 851 2163 suo
870 2122 1123 2179 superstes
1141 2115 1251 2164 fuit.
1316 2116 1491 2163 Habet
1514 2120 1667 2163 etiam

174 2208 306 2254 mala
342 2207 543 2254 fortuna
577 2206 854 2252 levitatem.
930 2205 1157 2251 Fortasse
1190 2207 1303 2262 erit,
1328 2204 1536 2251 fortasse
1565 2221 1667 2251 non
1734 2195 1739 2213 ⁸

177 2300 302 2352 erit3
339 2298 541 2342 interim
565 2310 668 2340 non
694 2300 785 2340 est.
859 2293 1070 2339 Meliora
1095 2308 1329 2354 propone.
1735 2279 1738 2287 ’

93 2382 153 2428 12
261 2385 652 2446 Nonnumquam
670 2382 821 2428 nullis
839 2381 1196 2443 apparentibus
1215 2383 1386 2443 signis,
1402 2396 1529 2443 quae
1548 2380 1666 2426 mali
1733 2376 1742 2443 jg

177 2473 367 2537 aliquid
420 2474 798 2535 praenuntient,
844 2472 1039 2516 animus
1091 2469 1185 2515 sibi
1231 2467 1377 2515 salsas
1423 2471 1666 2531 imagines

177 2562 353 2624 fingit3
409 2566 498 2606 aut
549 2559 756 2605 verbum
809 2556 1010 2619 aliquod
1065 2555 1247 2602 dubiae
1294 2555 1666 2618 significationis
1731 2577 1733 2580 ’

180 2633 241 2679 78
