1742 2872
469 130 616 175 THE
654 129 973 176 EPISTLES
1010 129 1100 176 OF
1137 129 1400 176 SENECA

295 237 679 291 Spumantemque
698 237 792 278 dari
814 251 974 290 pecora
994 230 1109 277 inter
1129 240 1287 278 inertia
1307 241 1421 279 votis

296 301 438 354 Optat
457 315 613 354 aprum
634 304 713 342 aut
733 300 904 341 fulvum
926 301 1198 362 descendere
1218 305 1369 342 monte
1390 302 1576 344 leonem.
1623 319 1626 322 ⁴
1686 298 1703 306 '⁴

137 391 165 435 5
193 389 340 435 Libet
379 388 568 450 aliquid
606 387 792 434 habere
834 388 966 450 quod
1007 391 1216 445 vincam,
1253 392 1392 435 cuius
1440 393 1680 451 patientia

187 493 433 523 exercear.
508 476 637 521 Nam
658 475 751 522 hoc
777 492 975 539 quoque
1003 480 1259 539 egregium
1288 475 1488 524 Sextius
1516 477 1666 524 habet

186 565 320 628 quod
357 571 411 611 et
435 564 672 611 ostendet
705 564 798 610 tibi
825 564 1002 610 beatae
1036 568 1166 610 vitae
1201 565 1602 627 magnitudinem
1631 581 1686 612 e
1731 628 1738 647 1

185 652 591 715 desperationem
627 655 733 699 eius
769 668 870 698 non
907 651 1091 709 faciet;
1150 656 1275 700 scies
1312 669 1419 700 esse
1462 652 1595 699 illam
1633 655 1683 699 i'
1716 692 1727 707 ,

188 740 403 799 excelso,
428 741 518 787 sed
543 740 733 788 volenti
758 741 1138 803 penetrabilem.

137 835 165 880 6
273 830 389 876 Hoc
436 829 571 877 idem
618 833 775 876 virtus
823 830 916 876 tibi
962 833 1070 892 ipsa
1118 831 1409 892 praestabit,
1448 836 1505 876 ut
1551 830 1683 877 illan
1717 816 1721 831 ⁴

186 919 443 966 admireris
492 925 546 966 et
603 925 775 966 tamen
823 935 1005 981 speres.
1104 918 1232 965 Mihi
1285 925 1423 966 certe
1471 919 1631 966 multu
1666 948 1674 971 »⁷
1714 949 1721 982 1·

186 1006 382 1055 auferre
420 1011 658 1070 temporis
692 1007 821 1054 solet
854 1007 1215 1069 contemplatio
1251 1010 1358 1070 ipsa
1382 1010 1658 1070 sapientiae
1714 990 1741 1076 3?

186 1112 288 1142 non
323 1095 473 1142 aliter
512 1095 649 1142 illam
685 1098 886 1142 intueor
923 1094 1302 1156 obstupefactus
1340 1112 1488 1159 quam
1525 1099 1672 1158 ipsun·

186 1187 387 1232 interim
436 1183 699 1241 mundum,
735 1199 887 1246 quem
934 1199 1083 1246 saepe
1132 1189 1390 1246 tamquam
1437 1191 1685 1247 spectato·
1726 1180 1738 1191 ”

137 1278 166 1327 7
186 1288 343 1319 novus
391 1272 550 1319 video.
648 1270 873 1318 Veneror
930 1275 1102 1335 itaque
1154 1275 1361 1318 inventa
1412 1250 1690 1334 sapientia,
1735 1266 1737 1287 ³

188 1364 607 1423 inventoresque;
635 1359 773 1407 adire
789 1365 1044 1422 tamquam
1062 1359 1335 1406 multorum
1350 1359 1635 1408 hereditate
1667 1346 1690 1421 s}
1734 1364 1735 1376 ¹

188 1453 338 1496 iuvat.
414 1448 540 1494 Mihi
574 1451 669 1494 ista
693 1447 958 1510 adquisita,
983 1447 1106 1494 mihi
1134 1447 1357 1494 laborata
1382 1455 1512 1496 sunt.
1586 1448 1706 1496 Se··
1732 1441 1735 1475 5

187 1554 392 1602 agamus
428 1538 615 1583 bonum
653 1543 847 1598 patrem
874 1535 1121 1591 familiae;
1166 1535 1400 1583 faciamus
1432 1537 1672 1600 ampliora
1688 1534 1700 1583 .’
1731 1552 1733 1595 ζ

187 1643 316 1691 quae
363 1629 659 1688 accepimus.
759 1625 919 1671 Maior
965 1628 1060 1672 ista
1120 1624 1374 1672 hereditas
1421 1642 1450 1671 a
1494 1641 1578 1672 me
1623 1624 1732 1687 ad,‚

190 1721 414 1779 posteros
474 1720 708 1761 transeat.
809 1712 1030 1760 Multum
1087 1713 1253 1760 adhuc
1311 1719 1469 1760 restat
1525 1694 1732 1782 operias,¹

188 1803 506 1866 multumque
541 1802 766 1858 restabit,
791 1817 886 1848 nec
912 1801 999 1847 ulli
1033 1808 1154 1848 nato
1190 1807 1304 1864 post
1329 1801 1466 1848 mille
1492 1801 1689 1853 saecula
1726 1783 1731 1864 f

138 1897 167 1943 8
189 1890 544 1955 praecludetur
578 1894 770 1937 occasio
805 1889 996 1952 aliquid
1031 1889 1195 1936 adhuc
1231 1889 1495 1936 adiciendi.
1587 1888 1707 1946 Sed.

188 1983 342 2027 etiam
376 1982 416 2025 si
439 1981 608 2025 omnia
630 1994 660 2025 a
690 1978 945 2025 veteribus
969 1980 1177 2025 inventa
1201 1983 1335 2035 sunt,
1360 1976 1455 2024 hoc
1492 1975 1688 2041 semper

189 2084 373 2115 novum
398 2067 530 2124 erit,1
562 2082 677 2113 usus
714 2072 767 2112 et
803 2069 1123 2113 inventorum
1147 2066 1210 2112 ab
1242 2065 1350 2112 aliis
1386 2069 1597 2112 scientia
1630 2068 1687 2113 ac

189 2156 462 2218 dispositio.
539 2153 665 2200 Puta
700 2153 876 2201 relicta
911 2154 1054 2200 nobis
1087 2153 1472 2211 medicamenta,
1509 2153 1629 2216 quib
1669 2174 1695 2199 τ.

190 2249 484 2291 sanarentur
521 2241 650 2288 oculi
669 2258 681 2298 ;
735 2258 835 2288 non
871 2258 996 2304 opus
1033 2247 1110 2288 est
1145 2240 1266 2286 mihi
1302 2239 1398 2286 alia
1433 2255 1692 2303 quaerere
1720 2250 1724 2284 ε

258 2340 269 2365 ¹
302 2339 382 2381 erit
402 2339 480 2380 the
508 2338 639 2380 other
660 2337 790 2379 MSS.
813 2355 824 2386 ς
854 2337 926 2378 ille
954 2337 1036 2379 erit
1068 2336 1119 2384 L,
1146 2337 1213 2378 for
1234 2335 1376 2378 which
1408 2335 1563 2378 Haase
1591 2348 1685 2390 pro

190 2406 322 2468 poses
342 2394 423 2435 illi.
1676 2394 1720 2480 ί
1718 2428 1719 2432 ,

257 2477 430 2531 “Vei-g
432 2477 476 2523 il.
499 2477 684 2522 Aeneid.
706 2479 763 2518 iv,
790 2479 867 2517 158
880 2476 910 2518 f.
972 2475 1067 2516 The
1093 2475 1183 2528 boy
1205 2475 1441 2523 Ascanius,
1462 2478 1512 2516 at
1534 2474 1664 2516 Dido’
1717 2491 1719 2522 ι

191 2533 319 2577 hunt,
343 2532 470 2585 longs
491 2533 560 2572 for
579 2531 730 2572 wilder
749 2544 881 2584 game
900 2530 1010 2571 than
1032 2531 1109 2571 the
1129 2530 1236 2570 decr
1253 2529 1343 2570 and
1364 2529 1441 2570 the
1459 2532 1604 2583 goats.
1666 2482 1697 2639 Ξ
1716 2537 1718 2587 ζ

196 2604 294 2645 440
