1742 2872
418 156 421 157 ⁷
494 178 640 224 THE
676 176 996 225 EPISTLES
1035 175 1123 223 oE
1158 173 1424 223 SENECA

155 307 179 312 2
214 291 431 334 mentior
452 290 633 349 rapuit,
652 287 748 333 alia
766 290 989 349 proxima
1011 289 1149 348 ripae
1174 302 1318 332 cursu
1344 285 1704 347 languescente
1740 316 1742 318 -

165 554 193 600 9

215 355 464 417 deposuit,
487 354 585 400 alia
614 361 810 401 torrens
845 357 1064 416 impetus
1096 357 1150 398 in
1183 368 1319 399 mare
1345 355 1507 398 eiecit.
1583 350 1706 396 Ideo

215 421 624 468 constituendum
666 427 760 479 est,
796 421 918 484 quid
949 421 1176 477 velimuS,
1205 426 1257 466 et
1292 423 1344 465 in
1379 435 1440 465 eo
1476 433 1705 480 perseve-

215 488 440 535 randum.

304 556 404 601 Hic
429 561 507 602 est
529 554 666 601 locus
691 554 917 601 solvendi
940 557 1067 601 aeris
1099 553 1263 600 alieni.
1343 552 1547 599 Possum
1572 555 1707 598 enim

215 623 310 668 tibi
350 638 524 669 vocem
564 622 767 684 Epicuri
813 625 888 668 tui
929 621 1140 668 reddere
1182 627 1235 667 et
1275 620 1405 666 hanc
1443 618 1709 682 epistulam

218 689 458 736 liberare:
512 689 834 735 “Molestum
875 695 954 735 est
994 704 1193 750 semper
1231 691 1387 734 vitam
1423 684 1706 733 incohare.”

219 757 326 802 Aut
350 759 389 802 si
408 755 504 802 hoc
522 756 672 803 modo
690 759 848 819 magis
867 772 1039 802 sensus
1058 761 1228 817 potest
1248 757 1457 816 exprimi
1477 772 1486 801 ε
1523 758 1556 780 “
1574 753 1708 799 Male

136 820 198 867 10
219 826 409 881 vivunt,
451 826 537 886 qui
584 839 781 885 semper
829 826 992 869 vivere
1041 822 1336 884 incipiunt.‘'
1409 819 1625 877 “Quare
1645 819 1708 867 ?’'

137 1153 192 1201 11

174 1993 196 2040 1

218 893 399 953 inquis,
458 889 712 937 desiderat
778 894 912 936 enim
976 890 1380 952 explanationem
1446 891 1542 935 ista
1596 903 1707 934 vox.

219 956 352 1015 Quia
386 973 585 1020 semper
617 957 714 1004 illis
753 957 1034 1019 inperfecta
1075 960 1177 1003 vita
1219 962 1310 1003 est.
1339 979 1344 984 -
1387 955 1502 1001 Non
1541 960 1712 1017 potest

218 1029 388 1070 autem
431 1031 563 1071 stare
604 1031 804 1086 paratus
845 1024 909 1071 ad
950 1030 1179 1082 mortem,
1216 1026 1302 1086 qui
1345 1022 1494 1069 modo
1534 1025 1714 1084 incipit

218 1094 398 1138 vivere.
474 1091 534 1138 Id
565 1091 820 1154 agendum
845 1097 939 1149 est,
963 1097 1023 1138 ut
1054 1095 1172 1138 satis
1198 1094 1476 1137 vixerimus.
1552 1089 1742 1137 Nemo,

220 1157 314 1204 hoc
346 1164 509 1220 putat,
534 1162 619 1221 qui
643 1158 836 1205 orditur
864 1175 978 1205 cum
1007 1161 1222 1205 maxime
1254 1161 1422 1204 vitam.
1496 1156 1611 1203 Non
1636 1161 1714 1203 est

217 1224 353 1286 quod
377 1229 632 1272 existimes
656 1242 840 1288 paucos
864 1242 973 1272 esse
998 1225 1118 1281 hos;
1154 1223 1515 1288 propemodum
1540 1239 1714 1271 omnes

219 1297 348 1338 sunt.
422 1292 642 1351 Quidam
667 1309 783 1340 vero
807 1299 928 1340 tunc
953 1296 1217 1355 incipiunt,
1243 1308 1357 1338 cum
1381 1291 1662 1338 desinendu

219 1364 310 1404 est.
384 1358 436 1406 Si
487 1359 583 1406 hoc
629 1360 818 1407 iudicas
871 1363 1068 1418 mirum,
1115 1359 1326 1406 adiciam
1374 1358 1510 1422 quod
1555 1361 1690 1420 magi

219 1425 506 1473 admireris:
560 1427 764 1489 quidam
799 1434 920 1474 ante
956 1430 1123 1475 vivere
1159 1426 1419 1474 desierunt
1455 1441 1605 1490 quam
1640 1428 1691 1472 in

218 1496 460 1556 ciperent.
534 1493 683 1540 VALE.

859 1721 1079 1768 XXIIII.

558 1857 751 1906 SENECA
790 1859 991 1907 chmo
1028 1877 1113 1907 svo
1148 1875 1366 1908 SALVTEM

307 1993 587 2042 Sollicitum
623 2011 732 2042 esse
766 2002 818 2042 te
854 1996 1023 2041 scribis
1056 1995 1120 2042 de
1148 1994 1319 2042 iudicii
1352 2002 1554 2054 eventu,
1583 2012 1651 2059 qu

224 2063 318 2108 tibi
343 2062 479 2108 furor
510 2066 698 2109 inimici
730 2062 1015 2120 denuntiat,
1041 2065 1293 2109 existimas
1325 2079 1406 2110 me
1442 2079 1647 2110 suasuru

223 2135 282 2175 ut
332 2129 538 2175 meliora
584 2130 676 2175 tibi
723 2133 831 2192 ipse
878 2146 1126 2192 proponas
1174 2136 1228 2176 et
1275 2129 1564 2192 adquiescas
1609 2146 1666 2193 sp

224 2196 451 2243 blandae.
523 2196 661 2254 Quid
710 2201 844 2243 enim
891 2213 1097 2243 necesse
1146 2203 1223 2243 est
1271 2197 1400 2243 mala
1446 2214 1669 2244 accerser
1741 2206 1742 2214 ¹

292 2362 312 2380 ‘¹
341 2354 471 2407 Frag.
497 2357 577 2395 493
598 2354 786 2396 Usener.

293 2409 309 2434 ὁ
337 2407 544 2450 Seneca's
564 2408 715 2449 theme
730 2410 766 2448 is
783 2407 1026 2461 suggested
1046 2408 1107 2461 by
1122 2408 1199 2449 the
1219 2408 1315 2449 fear
1329 2408 1473 2450 which
1488 2416 1665 2462 possess

228 2461 424 2503 Lucilius
444 2475 495 2504 as
522 2465 570 2503 to
595 2462 674 2503 the
702 2464 821 2502 issue
840 2462 892 2502 of
914 2475 942 2502 a
967 2462 1152 2503 lawsuit.
1213 2462 1320 2503 This
1339 2462 1434 2503 fear
1452 2465 1490 2503 is
1509 2462 1646 2504 taken

226 2519 246 2556 t
279 2515 394 2569 pical
412 2517 464 2556 of
487 2515 544 2556 all
563 2516 696 2563 fears,
718 2515 808 2556 and
828 2514 999 2556 Seneca
1017 2515 1200 2557 devotes
1220 2519 1339 2557 most
1358 2517 1409 2557 of
1433 2516 1501 2557 his
1520 2516 1651 2558 letter

225 2529 303 2610 tlle
322 2573 519 2622 greatest
538 2570 634 2611 fear
652 2569 702 2610 of
717 2569 944 2617 all,—fear
961 2570 1012 2610 of
1028 2569 1176 2612 death.

230 2632 324 2680 164
