1742 2872
488 185 633 232 THE
669 183 989 231 EPISTLES
1027 185 1117 231 OF
1153 183 1418 231 SENECA

892 355 1028 403 XIV.

541 505 734 553 SENECA
773 506 973 552 chnao
1010 521 1094 552 svo
1130 520 1347 551 SALVTEM

154 636 177 683 1
290 633 471 681 Fateor
487 637 689 680 insitam
710 649 818 679 esse
837 633 981 678 nobis
1001 636 1218 694 corporis
1238 635 1394 678 nostri
1415 637 1698 690 caritatem3

202 722 365 770 fateor
392 739 482 769 nos
515 722 662 768 huius
698 737 874 784 gerere
911 721 1139 768 tutelam.
1216 721 1330 766 Non
1366 737 1499 784 nego
1533 722 1699 768 indul-

201 810 426 873 gendum
451 809 554 866 illi;
590 809 910 856 serviendum
925 825 1070 871 nego.
1147 808 1324 855 Multis
1345 812 1478 855 enim
1499 813 1699 867 serviet,

203 901 289 960 qui
326 901 517 959 corpori
547 900 716 954 servit,
742 901 827 960 qui
859 913 949 959 pro
972 896 1059 943 illo
1091 900 1302 942 nimium
1335 900 1501 954 timet,
1526 901 1611 961 qui
1635 898 1699 945 ad

155 990 182 1036 2
203 984 331 1031 illud
371 988 539 1032 omnia
578 984 748 1032 refert.
824 984 905 1031 Sic
947 1000 1124 1046 gerere
1167 1000 1257 1030 nos
1299 984 1561 1043 debemus,
1597 1002 1698 1032 non

202 1079 459 1137 tamquam
488 1080 696 1136 propter
727 1089 906 1135 corpus
939 1075 1105 1119 vivere
1142 1072 1431 1130 debeamus,
1457 1073 1546 1120 sed
1571 1080 1698 1120 tam-

203 1178 353 1224 quam
376 1177 479 1208 non
503 1165 748 1224 possimus
773 1164 881 1208 sine
907 1176 1126 1223 corpore.
1202 1161 1369 1207 Huius
1401 1177 1492 1208 nos
1516 1165 1699 1209 nimius

202 1266 340 1296 amor
391 1251 652 1297 timoribus
709 1253 978 1312 inquietat,
1027 1249 1448 1296 sollicitudinibus
1507 1256 1698 1309 onerat,

202 1339 521 1386 contumeliis
546 1339 714 1386 obicit.
791 1338 1078 1386 Honestum
1106 1343 1151 1385 ei
1177 1338 1274 1385 vile
1301 1345 1396 1396 est,
1416 1341 1496 1385 cui
1522 1355 1698 1402 corpus

201 1429 348 1472 nimis
384 1442 552 1472 carum
588 1432 679 1474 est.
756 1427 952 1489 Agatur
993 1429 1099 1472 eius
1141 1425 1529 1488 diligentissime
1565 1443 1698 1486 cura,

201 1518 273 1562 ita
307 1521 497 1572 tamen,
533 1521 591 1562 ut
627 1531 741 1562 cum
778 1518 951 1577 exiget
986 1502 1279 1572 ratio,⁴cum
1315 1514 1551 1578 dignitas,
1585 1531 1695 1562 cum
1731 1570 1742 1580 ,-

202 1602 341 1660 fides,
366 1602 677 1650 mittendum
701 1606 755 1649 in
778 1607 923 1666 ignes
948 1606 1027 1650 sit.

153 1692 182 1739 3
288 1690 643 1749 Nihilominus,
668 1697 916 1754 quantum
940 1706 1218 1753 possumus,
1237 1694 1484 1738 evitemus
1509 1694 1697 1738 incom-

200 1779 350 1825 moda
373 1795 590 1842 quoque,
614 1796 716 1825 non
748 1786 950 1826 tantum
974 1778 1211 1841 pericula,
1236 1785 1290 1826 et
1322 1783 1374 1825 in
1405 1785 1576 1827 tutum
1607 1795 1673 1826 no

202 1868 497 1915 reducamus
555 1871 905 1930 excogitantes
976 1866 1207 1924 subinde,
1266 1867 1446 1930 quibus
1505 1871 1672 1930 possin

200 1955 428 2003 timenda
475 1955 678 2018 depelli.
750 1955 977 2014 Quorum
1024 1958 1135 2013 tria,
1170 1959 1264 2002 nisi
1314 1955 1474 2013 fallor,
1509 1949 1694 2019 gener*

202 2050 349 2091 sunt:
385 2047 596 2091 timetur
619 2047 803 2106 inopia,
829 2047 1074 2090 timentur
1097 2044 1272 2101 morbi,
1298 2047 1545 2090 timentur
1568 2061 1666 2107 qua

154 2139 183 2184 4
203 2149 293 2195 per
318 2136 418 2179 vim
442 2136 740 2196 potentioris
772 2136 1028 2180 eveniunt.
1102 2132 1179 2178 Ex
1204 2132 1281 2179 his
1314 2133 1544 2179 omnibus
1568 2133 1675 2179 nihi

202 2237 293 2268 nos
328 2224 486 2284 magis
523 2225 764 2279 concutit,
800 2238 949 2284 quam
985 2221 1120 2284 quod
1156 2237 1219 2267 ex
1259 2220 1424 2268 aliena
1466 2225 1665 2284 potenti

202 2309 463 2372 inpendet.
539 2310 727 2371 Magno
763 2313 899 2356 enim
934 2313 1148 2372 strepitu
1185 2314 1238 2355 et
1279 2309 1503 2356 tumultu
1539 2312 1654 2356 veni

206 2397 465 2443 Naturalia
500 2398 631 2444 mala
676 2414 805 2461 quae
847 2398 1040 2455 rettuli,
1076 2401 1245 2460 inopia
1285 2404 1437 2460 atque
1478 2399 1677 2472 morbu⁴

204 2486 407 2533 silentio
454 2487 672 2533 subeunt
718 2502 812 2533 nec
858 2485 1013 2532 oculis
1054 2502 1149 2532 nec
1190 2486 1389 2532 auribus
1430 2490 1644 2549 quicqua

204 2571 406 2616 terroris
430 2571 699 2616 incutiunt.
777 2567 963 2629 Ingens
995 2567 1201 2614 alterius
1236 2567 1354 2613 mali
1388 2584 1570 2630 pompa
1601 2584 1654 2614 es
1741 2608 1742 2611 ,

208 2653 271 2694 84
