1742 2872
871 54 899 95 ᾗ

510 150 657 197 THE
693 151 1013 226 EPISTLES
1050 153 1141 200 OF
1177 153 1444 200 SENECA

157 305 180 310 o,
228 263 454 320 proritat,
490 260 610 307 licet
650 261 714 307 ad
760 278 963 308 manum
1010 266 1091 320 sit,
1126 263 1246 309 licet
1292 280 1393 309 non
1435 280 1497 310 ex
1538 263 1723 310 difficili

230 350 446 405 petatur,
488 344 608 391 licet
655 362 928 408 numquam
980 346 1123 392 illum
1170 354 1367 409 sperata
1413 348 1719 410 deceperint.

176 427 206 474 3
234 427 346 473 Hoc
370 434 490 475 ante
514 433 681 475 omnia
704 429 799 487 fac,
824 433 892 475 mi
919 430 1079 476 Lucili
1099 449 1109 478 ε
1146 431 1282 478 disce
1306 432 1539 494 gaudere.

314 512 583 559 Existimas
615 530 750 559 nunc
783 530 864 560 me
898 514 1164 561 detrahere
1202 516 1294 562 tibi
1331 516 1515 562 multas
1550 516 1723 578 volup-

230 603 378 654 tates,
421 601 506 660 qui
548 597 756 644 fortuita
798 614 1103 657 summoveo,
1140 603 1225 662 qui
1268 616 1398 662 spes,
1441 600 1725 647 dulcissima

229 681 618 740 oblectamenta,
660 682 956 729 devitandas
1004 685 1271 730 existimo?
1346 684 1505 750 Immo
1553 691 1725 731 contra

229 768 346 814 nolo
370 770 463 815 tibi
494 786 730 832 umquam
763 770 940 817 deesse
966 771 1224 818 laetitiam.
1299 771 1425 818 Volo
1458 773 1597 818 illam
1632 772 1742 831 tibi.

228 852 363 898 domi
406 857 572 910 nasci;
625 858 861 912 nascitur,
901 859 941 901 si
982 856 1131 901 modo
1172 859 1304 902 intra
1347 862 1398 903 te
1439 860 1603 919 ipsum
1644 840 1742 936 sibl

233 937 442 984 Ceterae
502 938 781 985 hilaritates
834 955 936 985 non
989 940 1206 1002 implent
1259 947 1452 1002 pectus,
1505 938 1742 987 frontem!

230 1025 514 1080 remittunt,
562 1023 699 1070 leves
747 1030 881 1082 sunt,
930 1027 1025 1070 nisi
1078 1023 1208 1071 forte
1263 1031 1315 1071 tu
1372 1025 1561 1072 iudicas
1609 992 1742 1090 eum}

229 1106 467 1169 gaudere,
510 1111 595 1170 qui
637 1107 782 1154 ridet.
857 1108 1071 1155 Animus
1120 1125 1228 1156 esse
1271 1108 1427 1156 debet
1468 1109 1631 1156 alacer
1672 1107 1739 1166 evj

231 1190 388 1237 fidens
415 1197 468 1238 et
493 1208 642 1254 super
665 1196 832 1238 omnia
857 1199 1067 1240 erectus.

178 1282 207 1328 4
318 1276 444 1322 Mihi
482 1276 647 1334 crede,
674 1294 845 1323 verum
881 1277 1119 1341 gaudium
1156 1294 1235 1324 res
1271 1294 1442 1325 severa
1478 1285 1567 1326 est.
1644 1279 1724 1324 An

230 1366 285 1406 tu
319 1362 572 1407 existimas
597 1378 899 1424 quemquam
936 1361 1099 1408 soluto
1134 1362 1274 1409 vultu
1309 1370 1377 1420 et,
1404 1369 1460 1409 ut
1492 1366 1576 1410 isti
1600 1363 1703 1409 deli

229 1447 327 1490 cati
353 1444 602 1503 locuntur,
628 1445 888 1492 hilariculo
912 1453 1127 1493 mortem
1153 1453 1496 1504 contemnere,
1515 1464 1704 1510 pauper

228 1532 323 1575 tati
348 1529 553 1575 domum
579 1534 789 1592 aperire,
810 1530 1093 1593 voluptates
1119 1537 1295 1577 tenere
1322 1532 1414 1577 sub
1438 1531 1597 1589 freno,
1622 1548 1702 1578 me

229 1613 376 1659 ditari
401 1613 627 1660 dolorum
648 1618 944 1676 patientiam
965 1619 983 1662 ?
1045 1616 1188 1662 Haec
1213 1619 1298 1678 qui
1318 1615 1451 1678 apud
1476 1632 1528 1663 se
1546 1623 1708 1664 versat

228 1701 279 1744 in
318 1715 500 1761 magno
536 1698 719 1760 gaudio
752 1706 846 1756 est,
872 1699 962 1746 sed
997 1716 1170 1762 parum
1208 1700 1407 1746 blando.
1482 1700 1544 1746 In
1579 1700 1711 1747 huiu.

229 1783 399 1845 gaudii
437 1787 748 1845 possessione
784 1800 892 1830 esse
929 1790 982 1830 te
1012 1784 1153 1841 volo;
1203 1801 1476 1847 numquam
1507 1785 1683 1832 deficie
1738 1779 1742 1787 ’

176 1868 205 1913 5
229 1884 343 1914 cum
368 1867 524 1914 semel
562 1868 697 1914 unde
734 1874 937 1931 petatur
968 1872 1230 1915 inveneris.
1307 1868 1516 1915 Levium
1547 1869 1699 1916 metal
1734 1856 1742 1931 ᾗ

229 1952 389 1998 lorum
415 1951 605 1999 fructus
630 1955 683 1998 in
709 1969 901 1998 summo
927 1959 1034 2009 est3
1070 1953 1156 1998 illa
1188 1953 1567 2015 opulentissima
1591 1971 1682 2000 sun
1723 1950 1724 1953 ¹

230 2053 441 2099 quorum
466 2040 518 2082 in
542 2036 646 2082 alto
670 2036 799 2083 latet
824 2054 952 2084 vena
976 2037 1184 2084 adsidue
1209 2037 1407 2100 plenius
1432 2055 1669 2100 responsu
1697 2099 1699 2101 v
1733 2090 1736 2095 ,

231 2120 457 2167 fodienti.
536 2121 693 2178 Haec,
737 2122 916 2184 quibus
957 2121 1243 2168 delectatur
1278 2121 1473 2184 vulgus,
1517 2123 1722 2197 tenuem?

232 2205 423 2252 habent
458 2222 515 2251 ac
550 2205 878 2268 perfusoriam
913 2206 1242 2268 voluptatem,
1279 2213 1333 2253 et
1373 2205 1733 2275 quodcumque's

229 2293 550 2336 invecticium
569 2290 808 2352 gaudium
827 2297 920 2348 est,
940 2290 1272 2337 fundamento
1296 2298 1445 2338 caret.
1510 2292 1638 2350 Hoc,
1722 2286 1725 2290 ⁸

230 2391 329 2437 quo
354 2374 543 2436 loquor,
568 2374 630 2420 ad
665 2375 799 2437 quod
831 2365 883 2421 te
909 2391 1060 2420 conor
1085 2375 1375 2437 perducere,
1401 2375 1614 2421 solidum
1646 2391 1673 2422 e

422 2551 442 2570 α
471 2543 636 2589 Death‚
658 2547 862 2597 poverty,
883 2545 1166 2597 temptation,
1187 2544 1277 2584 and
1297 2544 1522 2597 suffering.

236 2607 329 2656 160
