1742 2872
512 107 659 157 THE
695 109 1015 158 EPISTLES
1052 110 1142 158 OF
1177 109 1443 157 SENECA

163 252 175 255 —
230 219 408 267 fortius
442 226 536 279 est,
562 221 700 266 ebrio
732 237 790 266 ac
822 223 1100 266 vomitante
1134 219 1320 282 populo
1352 222 1538 265 siccum
1565 235 1623 266 ac
1648 235 1724 265 so-

231 312 394 358 brium
427 327 553 369 esse,
577 311 703 357 illud
736 314 1081 373 temperatius,
1105 326 1207 356 non
1241 326 1510 372 excerpere
1544 326 1596 356 se
1629 327 1724 357 nec

230 405 460 465 insigniri
505 419 601 449 nec
646 405 845 448 misceri
891 402 1123 448 omnibus
1164 407 1219 447 et
1260 401 1454 458 eadem,
1494 401 1582 447 sed
1624 418 1725 447 non

231 494 410 540 eodem
435 494 600 550 modo,
621 493 799 539 facere.
894 492 1039 538 Licet
1064 496 1199 539 enim
1226 495 1332 538 sine
1357 492 1551 538 luxuria
1574 509 1724 554 agere

230 584 418 631 festum
442 585 590 632 diem.

179 679 209 725 5
317 676 554 723 Ceterum
594 676 722 723 adeo
763 676 887 722 mihi
935 675 1105 738 placet
1151 681 1403 737 temptare
1450 678 1603 721 animi
1650 679 1726 722 tui

231 767 536 826 firmitatem,
569 773 627 814 ut
659 783 722 814 ex
755 772 1026 830 praecepto
1059 782 1354 828 magnorum
1387 770 1601 812 virorum
1631 767 1726 813 tibi

229 876 428 923 quoque
462 862 793 922 praecipiam:
840 862 1131 921 interponas
1167 858 1358 921 aliquot
1390 858 1514 916 dies,
1547 859 1726 921 quibus

230 958 500 998 contentus
518 954 726 998 minimo
745 968 803 997 ac
821 950 1057 997 vilissimo
1076 950 1203 1007 cibo,
1220 949 1344 996 dura
1358 956 1512 1012 atque
1527 949 1726 996 horrida

180 1051 209 1098 6
230 1049 370 1090 veste
389 1043 524 1089 dicas
548 1043 642 1089 tibi
660 1060 671 1088 :
708 1047 740 1070 “
758 1042 872 1088 Hoc
892 1048 970 1089 est
987 1041 1124 1105 quod
1142 1042 1416 1088 timebatur
1431 1044 1451 1089 ?
1466 1041 1493 1057 ”
1535 1041 1596 1087 In
1620 1044 1726 1104 ipsa

230 1138 499 1181 securitate
529 1137 728 1181 animus
760 1134 823 1180 ad
857 1133 1074 1180 difficilia
1107 1149 1160 1179 se
1185 1140 1451 1196 praeparet
1475 1140 1529 1180 et
1553 1140 1731 1180 contra.

228 1227 432 1272 iniurias
463 1224 695 1272 fortunae
727 1228 862 1271 inter
893 1225 1138 1271 beneficia
1170 1224 1408 1272 firmetur.
1500 1225 1649 1272 Miles
1672 1229 1726 1272 in

229 1317 398 1364 media
427 1333 552 1379 pace
584 1316 822 1374 decurrit,
848 1320 955 1363 sine
988 1316 1092 1362 ullo
1126 1315 1273 1363 hoste
1306 1315 1491 1362 vallum
1522 1319 1640 1363 iacit
1673 1323 1727 1364 et

230 1424 535 1470 supervacuo
581 1407 751 1454 labore
798 1407 1023 1465 lassatur,
1072 1414 1130 1454 ut
1176 1407 1399 1454 sufficere
1448 1412 1726 1455 necessario

229 1502 398 1561 possit.
471 1497 639 1556 Quem
664 1501 713 1544 in
739 1501 846 1560 ipsa
870 1514 922 1544 re
949 1498 1200 1560 trepidare
1224 1497 1459 1556 nolueris,
1476 1504 1596 1545 ante
1618 1515 1725 1546 rem

230 1605 474 1637 exerceas.
575 1589 689 1635 Hoc
726 1592 887 1636 secuti
921 1594 1055 1646 sunt,
1087 1591 1173 1651 qui
1208 1588 1439 1635 omnibus
1472 1590 1726 1637 mensibus

229 1687 581 1744 paupertatem
600 1683 786 1727 imitati
810 1696 966 1742 prope
986 1679 1051 1726 ad
1069 1682 1290 1742 inopiam
1307 1686 1640 1738 accesserunt,
1660 1697 1725 1727 ne

228 1789 466 1835 umquam
491 1778 885 1834 expavescerent
909 1771 1046 1835 quod
1070 1787 1220 1833 saepe
1247 1771 1552 1818 didicissent.

178 1871 207 1921 '7
315 1864 430 1909 Non
450 1870 529 1909 est
553 1879 688 1909 nunc
712 1861 848 1925 quod
874 1865 1131 1909 existimes
1156 1878 1238 1908 me
1263 1861 1430 1908 dicere
1461 1861 1725 1910 Timoneas

228 1970 377 2001 cenas
410 1960 465 2001 et
497 1970 774 2016 pauperum
807 1953 975 2012 cellas,
1000 1959 1056 2000 et
1079 1953 1317 2017 quicquid
1347 1953 1485 2000 aliud
1518 1960 1611 2011 est,
1636 1964 1742 2016 per'

229 2046 364 2109 quod
400 2046 594 2092 luxuria
630 2045 917 2092 divitiarum
955 2045 1124 2092 taedio
1157 2044 1318 2102 ludit;
1365 2045 1601 2108 grabatus
1638 2045 1742 2093 ille*

232 2154 374 2184 verus
400 2141 465 2190 sit
489 2144 543 2184 et
570 2154 743 2200 sagum
770 2144 824 2184 et
848 2141 990 2200 panis
1016 2137 1168 2184 durus
1192 2153 1246 2183 ac
1271 2136 1513 2184 sordidus.
1613 2137 1729 2184 Hoc

229 2229 397 2276 triduo
421 2236 476 2276 et
499 2229 766 2293 quatriduo
790 2229 881 2287 fer,
905 2229 1161 2276 interdum
1193 2229 1418 2292 pluribus
1449 2228 1642 2286 diebus,
1668 2234 1726 2277 ut

230 2338 332 2367 non
363 2321 499 2368 lusus
532 2326 612 2380 sit,
638 2322 728 2368 sed
759 2325 1192 2384 experimentum,
1181 2338 1192 2348 ·
1246 2327 1386 2379 tunc,
1411 2320 1532 2366 mihi
1558 2316 1742 2379 crede,‘

1732 2438 1742 2498 ὲ

295 2448 522 2502 “TheEp
524 2450 740 2490 icureans
778 2448 845 2490 Ο.
857 2447 1022 2498 §9and
1034 2447 1270 2501 Epicurus,
1287 2447 1418 2500 Frag.
1442 2450 1517 2487 158
1532 2446 1735 2498 Usener.

298 2504 315 2529 ὓ
345 2503 412 2557 Of.
433 2463 522 2556 Epp.
546 2515 583 2544 c.
604 2507 628 2542 6
649 2502 739 2543 and
811 2502 956 2550 artial,
979 2504 1037 2544 iii.
1061 2505 1127 2543 48.

235 2573 327 2614 118
1698 2524 1732 2872 Ι
