<?xml version="1.0" encoding="UTF-8"?>
<!DOCTYPE html PUBLIC "-//W3C//DTD XHTML 1.0 Transitional//EN"
    "http://www.w3.org/TR/xhtml1/DTD/xhtml1-transitional.dtd">
<html xmlns="http://www.w3.org/1999/xhtml" xml:lang="en" lang="en">
 <head>
  <title>
</title>
<meta http-equiv="Content-Type" content="text/html;charset=utf-8" />
  <meta name='ocr-system' content='tesseract 3.04.00' />
  <meta name='ocr-capabilities' content='ocr_page ocr_carea ocr_par ocr_line ocrx_word'/>
</head>
<body>
  <div class='ocr_page' id='page_1' title='image "adluciliumepistu01seneuoft_0146.png"; bbox 0 0 1742 2872; ppageno 0'>
   <div class='ocr_carea' id='block_1_1' title="bbox 477 114 1405 164">
    <p class='ocr_par' dir='ltr' id='par_1_1' title="bbox 477 114 1405 164">
     <span class='ocr_line' id='line_1_1' title="bbox 477 114 1405 164; baseline -0.002 0"><span class='ocrx_word' id='word_1_1' title='bbox 477 117 623 164; x_wconf 89' lang='lat' dir='ltr'><strong>THE</strong></span> <span class='ocrx_word' id='word_1_2' title='bbox 660 116 980 164; x_wconf 90' lang='lat' dir='ltr'>EPISTLES</span> <span class='ocrx_word' id='word_1_3' title='bbox 1018 115 1108 164; x_wconf 90' lang='lat' dir='ltr'><strong>OF</strong></span> <span class='ocrx_word' id='word_1_4' title='bbox 1143 114 1405 164; x_wconf 93' lang='lat' dir='ltr'><strong>SENECA</strong></span> 
     </span>
    </p>
   </div>
   <div class='ocr_carea' id='block_1_2' title="bbox 115 224 1701 1140">
    <p class='ocr_par' dir='ltr' id='par_1_2' title="bbox 196 224 1695 288">
     <span class='ocr_line' id='line_1_2' title="bbox 196 224 1695 288; baseline -0.001 -15"><span class='ocrx_word' id='word_1_5' title='bbox 196 225 426 288; x_wconf 88' lang='lat' dir='ltr'><strong>voluptas</strong></span> <span class='ocrx_word' id='word_1_6' title='bbox 451 232 529 271; x_wconf 86' lang='lat' dir='ltr'><strong>est</strong></span> <span class='ocrx_word' id='word_1_7' title='bbox 562 241 705 287; x_wconf 89' lang='lat' dir='ltr'><strong>posse</strong></span> <span class='ocrx_word' id='word_1_8' title='bbox 732 241 908 287; x_wconf 81' lang='lat' dir='ltr'><strong>capere</strong></span> <span class='ocrx_word' id='word_1_9' title='bbox 934 228 1088 271; x_wconf 89' lang='lat' dir='ltr'><strong>etiam</strong></span> <span class='ocrx_word' id='word_1_10' title='bbox 1113 241 1176 271; x_wconf 86' lang='lat' dir='ltr'><strong>ex</strong></span> <span class='ocrx_word' id='word_1_11' title='bbox 1199 224 1278 271; x_wconf 92' lang='lat' dir='ltr'><strong>his</strong></span> <span class='ocrx_word' id='word_1_12' title='bbox 1303 224 1615 286; x_wconf 87' lang='lat' dir='ltr'><strong>voluptatem</strong></span> <span class='ocrx_word' id='word_1_13' title='bbox 1641 229 1695 272; x_wconf 81' lang='lat' dir='ltr'><strong>et</strong></span> 
     </span>
    </p>

    <p class='ocr_par' dir='ltr' id='par_1_3' title="bbox 137 292 1695 364">
     <span class='ocr_line' id='line_1_3' title="bbox 137 292 1695 364; baseline -0.001 -13"><span class='ocrx_word' id='word_1_14' title='bbox 137 292 162 298; x_wconf 17' lang='lat' dir='ltr'><strong>*l</strong></span> <span class='ocrx_word' id='word_1_15' title='bbox 197 304 262 351; x_wconf 90' lang='lat' dir='ltr'><strong>ad</strong></span> <span class='ocrx_word' id='word_1_16' title='bbox 308 304 361 350; x_wconf 94' lang='lat' dir='ltr'><strong>id</strong></span> <span class='ocrx_word' id='word_1_17' title='bbox 408 319 461 349; x_wconf 90' lang='lat' dir='ltr'><strong>se</strong></span> <span class='ocrx_word' id='word_1_18' title='bbox 509 302 793 359; x_wconf 86' lang='lat' dir='ltr'><strong>deduxisse,</strong></span> <span class='ocrx_word' id='word_1_19' title='bbox 842 302 976 364; x_wconf 94' lang='lat' dir='ltr'><strong>quod</strong></span> <span class='ocrx_word' id='word_1_20' title='bbox 1033 306 1226 363; x_wconf 88' lang='lat' dir='ltr'><strong>eripere</strong></span> <span class='ocrx_word' id='word_1_21' title='bbox 1279 302 1419 348; x_wconf 87' lang='lat' dir='ltr'><strong>nulla</strong></span> <span class='ocrx_word' id='word_1_22' title='bbox 1465 301 1695 349; x_wconf 79' lang='lat' dir='ltr'><strong>fortunae</strong></span> 
     </span>
    </p>

    <p class='ocr_par' dir='ltr' id='par_1_4' title="bbox 115 379 1699 815">
     <span class='ocr_line' id='line_1_4' title="bbox 115 379 1697 444; baseline -0.002 -16"><span class='ocrx_word' id='word_1_23' title='bbox 115 386 170 433; x_wconf 90' lang='grc'><strong>11</strong></span> <span class='ocrx_word' id='word_1_24' title='bbox 198 385 434 444; x_wconf 90' lang='lat' dir='ltr'><strong>iniquitas</strong></span> <span class='ocrx_word' id='word_1_25' title='bbox 458 384 628 443; x_wconf 78' lang='lat' dir='ltr'><strong>possit.</strong></span> <span class='ocrx_word' id='word_1_26' title='bbox 704 379 1039 426; x_wconf 84' lang='lat' dir='ltr'><strong>Liberaliora1</strong></span> <span class='ocrx_word' id='word_1_27' title='bbox 1066 379 1306 425; x_wconf 88' lang='lat' dir='ltr'><strong>alimenta</strong></span> <span class='ocrx_word' id='word_1_28' title='bbox 1331 385 1448 425; x_wconf 87' lang='lat' dir='ltr'><strong>sunt</strong></span> <span class='ocrx_word' id='word_1_29' title='bbox 1474 384 1697 438; x_wconf 90' lang='lat' dir='ltr'><strong>carceris,</strong></span> 
     </span>
     <span class='ocr_line' id='line_1_5' title="bbox 199 456 1698 521; baseline -0.001 -16"><span class='ocrx_word' id='word_1_30' title='bbox 199 462 441 521; x_wconf 90' lang='lat' dir='ltr'><strong>sepositos</strong></span> <span class='ocrx_word' id='word_1_31' title='bbox 458 457 523 504; x_wconf 90' lang='lat' dir='ltr'><strong>ad</strong></span> <span class='ocrx_word' id='word_1_32' title='bbox 542 457 756 520; x_wconf 90' lang='lat' dir='ltr'><strong>capitale</strong></span> <span class='ocrx_word' id='word_1_33' title='bbox 782 456 1083 518; x_wconf 89' lang='lat' dir='ltr'><strong>supplicium</strong></span> <span class='ocrx_word' id='word_1_34' title='bbox 1108 473 1208 502; x_wconf 91' lang='lat' dir='ltr'><strong>non</strong></span> <span class='ocrx_word' id='word_1_35' title='bbox 1234 463 1336 502; x_wconf 91' lang='lat' dir='ltr'><strong>tam</strong></span> <span class='ocrx_word' id='word_1_36' title='bbox 1362 463 1592 519; x_wconf 77' lang='lat' dir='ltr'><strong>anguste,</strong></span> <span class='ocrx_word' id='word_1_37' title='bbox 1611 461 1698 520; x_wconf 92' lang='lat' dir='ltr'><strong>qui</strong></span> 
     </span>
     <span class='ocr_line' id='line_1_6' title="bbox 199 533 1699 597; baseline -0.001 -15"><span class='ocrx_word' id='word_1_38' title='bbox 199 539 447 583; x_wconf 89' lang='lat' dir='ltr'><strong>occisurus</strong></span> <span class='ocrx_word' id='word_1_39' title='bbox 484 541 577 593; x_wconf 89' lang='lat' dir='ltr'><strong>est,</strong></span> <span class='ocrx_word' id='word_1_40' title='bbox 613 538 784 597; x_wconf 87' lang='lat' dir='ltr'><strong>pascit.</strong></span> <span class='ocrx_word' id='word_1_41' title='bbox 863 533 1067 590; x_wconf 83' lang='lat' dir='ltr'><strong>Quanta</strong></span> <span class='ocrx_word' id='word_1_42' title='bbox 1102 540 1180 580; x_wconf 89' lang='lat' dir='ltr'><strong>est</strong></span> <span class='ocrx_word' id='word_1_43' title='bbox 1215 538 1367 580; x_wconf 88' lang='lat' dir='ltr'><strong>animi</strong></span> <span class='ocrx_word' id='word_1_44' title='bbox 1404 534 1699 597; x_wconf 83' lang='lat' dir='ltr'>magnitudo</span> 
     </span>
     <span class='ocr_line' id='line_1_7' title="bbox 199 610 1699 674; baseline -0.002 -14"><span class='ocrx_word' id='word_1_45' title='bbox 199 613 263 660; x_wconf 88' lang='lat' dir='ltr'><strong>ad</strong></span> <span class='ocrx_word' id='word_1_46' title='bbox 299 613 351 659; x_wconf 92' lang='lat' dir='ltr'><strong>id</strong></span> <span class='ocrx_word' id='word_1_47' title='bbox 387 629 474 659; x_wconf 89' lang='lat' dir='ltr'><strong>sua</strong></span> <span class='ocrx_word' id='word_1_48' title='bbox 510 618 690 674; x_wconf 89' lang='lat' dir='ltr'><strong>sponte</strong></span> <span class='ocrx_word' id='word_1_49' title='bbox 726 610 1053 668; x_wconf 86' lang='lat' dir='ltr'><strong>descendere,</strong></span> <span class='ocrx_word' id='word_1_50' title='bbox 1091 611 1225 674; x_wconf 94' lang='lat' dir='ltr'><strong>quod</strong></span> <span class='ocrx_word' id='word_1_51' title='bbox 1262 627 1327 657; x_wconf 90' lang='lat' dir='ltr'><strong>ne</strong></span> <span class='ocrx_word' id='word_1_52' title='bbox 1375 610 1439 657; x_wconf 91' lang='lat' dir='ltr'><strong>ad</strong></span> <span class='ocrx_word' id='word_1_53' title='bbox 1475 617 1699 658; x_wconf 85' lang='lat' dir='ltr'><strong>extrema</strong></span> 
     </span>
     <span class='ocr_line' id='line_1_8' title="bbox 200 688 1698 754; baseline -0.001 -17"><span class='ocrx_word' id='word_1_54' title='bbox 200 691 403 754; x_wconf 91' lang='lat' dir='ltr'><strong>quidem</strong></span> <span class='ocrx_word' id='word_1_55' title='bbox 424 690 640 737; x_wconf 80' lang='lat' dir='ltr'><strong>decretis</strong></span> <span class='ocrx_word' id='word_1_56' title='bbox 660 688 943 736; x_wconf 88' lang='lat' dir='ltr'><strong>timendum</strong></span> <span class='ocrx_word' id='word_1_57' title='bbox 963 692 1029 735; x_wconf 89' lang='lat' dir='ltr'><strong>sit</strong></span> <span class='ocrx_word' id='word_1_58' title='bbox 1046 689 1055 734; x_wconf 85' lang='lat'>!</span> <span class='ocrx_word' id='word_1_59' title='bbox 1106 689 1218 734; x_wconf 89' lang='lat' dir='ltr'><strong>Hoc</strong></span> <span class='ocrx_word' id='word_1_60' title='bbox 1239 694 1317 734; x_wconf 89' lang='lat' dir='ltr'><strong>est</strong></span> <span class='ocrx_word' id='word_1_61' title='bbox 1334 704 1698 751; x_wconf 87' lang='lat' dir='ltr'><strong>praeoccupare</strong></span> 
     </span>
     <span class='ocr_line' id='line_1_9' title="bbox 201 768 572 815; baseline -0.003 0"><span class='ocrx_word' id='word_1_62' title='bbox 201 768 305 815; x_wconf 91' lang='lat' dir='ltr'><strong>tela</strong></span> <span class='ocrx_word' id='word_1_63' title='bbox 327 768 572 815; x_wconf 83' lang='lat' dir='ltr'><strong>fortunae.</strong></span> 
     </span>
    </p>

    <p class='ocr_par' dir='ltr' id='par_1_5' title="bbox 120 843 1701 1140">
     <span class='ocr_line' id='line_1_10' title="bbox 120 843 1699 908; baseline -0.002 -15"><span class='ocrx_word' id='word_1_64' title='bbox 120 856 179 902; x_wconf 85' lang='lat'><strong>12</strong></span> <span class='ocrx_word' id='word_1_65' title='bbox 288 846 462 908; x_wconf 91' lang='lat' dir='ltr'><strong>Incipe</strong></span> <span class='ocrx_word' id='word_1_66' title='bbox 482 862 617 908; x_wconf 87' lang='lat' dir='ltr'><strong>ergo,</strong></span> <span class='ocrx_word' id='word_1_67' title='bbox 638 849 706 891; x_wconf 89' lang='lat' dir='ltr'><strong>mi</strong></span> <span class='ocrx_word' id='word_1_68' title='bbox 724 844 902 901; x_wconf 87' lang='lat' dir='ltr'><strong>Lucili,</strong></span> <span class='ocrx_word' id='word_1_69' title='bbox 923 847 1064 907; x_wconf 91' lang='lat' dir='ltr'><strong>sequi</strong></span> <span class='ocrx_word' id='word_1_70' title='bbox 1082 843 1262 890; x_wconf 91' lang='lat' dir='ltr'><strong>horum</strong></span> <span class='ocrx_word' id='word_1_71' title='bbox 1282 844 1699 890; x_wconf 84' lang='lat' dir='ltr'><strong>consuetudinem</strong></span> 
     </span>
     <span class='ocr_line' id='line_1_11' title="bbox 201 919 1701 986; baseline -0.001 -16"><span class='ocrx_word' id='word_1_72' title='bbox 201 929 256 970; x_wconf 90' lang='lat' dir='ltr'><strong>et</strong></span> <span class='ocrx_word' id='word_1_73' title='bbox 290 923 480 986; x_wconf 89' lang='lat' dir='ltr'><strong>aliquos</strong></span> <span class='ocrx_word' id='word_1_74' title='bbox 517 923 624 969; x_wconf 92' lang='lat' dir='ltr'><strong>dies</strong></span> <span class='ocrx_word' id='word_1_75' title='bbox 660 922 874 979; x_wconf 89' lang='lat' dir='ltr'><strong>destina,</strong></span> <span class='ocrx_word' id='word_1_76' title='bbox 899 922 1080 984; x_wconf 91' lang='lat' dir='ltr'><strong>quibus</strong></span> <span class='ocrx_word' id='word_1_77' title='bbox 1115 921 1318 967; x_wconf 91' lang='lat' dir='ltr'><strong>secedas</strong></span> <span class='ocrx_word' id='word_1_78' title='bbox 1354 938 1383 966; x_wconf 89' lang='lat' dir='ltr'><strong>a</strong></span> <span class='ocrx_word' id='word_1_79' title='bbox 1417 924 1517 967; x_wconf 88' lang='lat' dir='ltr'><strong>tuis</strong></span> <span class='ocrx_word' id='word_1_80' title='bbox 1552 919 1701 968; x_wconf 88' lang='lat' dir='ltr'><strong>rebus</strong></span> 
     </span>
     <span class='ocr_line' id='line_1_12' title="bbox 202 998 1700 1063; baseline -0.001 -17"><span class='ocrx_word' id='word_1_81' title='bbox 202 1004 508 1063; x_wconf 92' lang='lat' dir='ltr'><strong>minimoque</strong></span> <span class='ocrx_word' id='word_1_82' title='bbox 546 1007 598 1046; x_wconf 88' lang='lat' dir='ltr'><strong>te</strong></span> <span class='ocrx_word' id='word_1_83' title='bbox 646 999 797 1046; x_wconf 88' lang='lat' dir='ltr'><strong>facias</strong></span> <span class='ocrx_word' id='word_1_84' title='bbox 844 998 1169 1055; x_wconf 82' lang='lat' dir='ltr'><strong>familiarem3</strong></span> <span class='ocrx_word' id='word_1_85' title='bbox 1228 1002 1395 1060; x_wconf 92' lang='lat' dir='ltr'><strong>incipe</strong></span> <span class='ocrx_word' id='word_1_86' title='bbox 1431 1015 1545 1045; x_wconf 90' lang='lat' dir='ltr'><strong>cum</strong></span> <span class='ocrx_word' id='word_1_87' title='bbox 1581 1015 1700 1061; x_wconf 89' lang='lat' dir='ltr'><strong>pau-</strong></span> 
     </span>
     <span class='ocr_line' id='line_1_13' title="bbox 202 1077 1007 1140; baseline -0.005 -15"><span class='ocrx_word' id='word_1_88' title='bbox 202 1084 400 1140; x_wconf 90' lang='lat' dir='ltr'><strong>pertate</strong></span> <span class='ocrx_word' id='word_1_89' title='bbox 426 1077 613 1123; x_wconf 88' lang='lat' dir='ltr'><strong>habere</strong></span> <span class='ocrx_word' id='word_1_90' title='bbox 638 1079 1007 1122; x_wconf 87' lang='lat' dir='ltr'><strong>commercium.</strong></span> 
     </span>
    </p>
   </div>
   <div class='ocr_carea' id='block_1_3' title="bbox 312 1204 1631 1313">
    <p class='ocr_par' dir='ltr' id='par_1_6' title="bbox 312 1204 1631 1313">
     <span class='ocr_line' id='line_1_14' title="bbox 312 1204 1631 1301; baseline -0.002 -54"><span class='ocrx_word' id='word_1_91' title='bbox 312 1206 459 1301; x_wconf 40' lang='lat' dir='ltr'><strong>gude,</strong></span> <span class='ocrx_word' id='word_1_92' title='bbox 475 1206 660 1300; x_wconf 56' lang='lat' dir='ltr'><strong>(liiospes,</strong></span> <span class='ocrx_word' id='word_1_93' title='bbox 682 1209 967 1246; x_wconf 86' lang='lat' dir='ltr'><strong>contemnere</strong></span> <span class='ocrx_word' id='word_1_94' title='bbox 986 1217 1095 1257; x_wconf 89' lang='lat' dir='ltr'><strong>opes</strong></span> <span class='ocrx_word' id='word_1_95' title='bbox 1116 1207 1163 1244; x_wconf 89' lang='lat' dir='ltr'><strong>et</strong></span> <span class='ocrx_word' id='word_1_96' title='bbox 1181 1207 1228 1245; x_wconf 85' lang='lat' dir='ltr'><strong>te</strong></span> <span class='ocrx_word' id='word_1_97' title='bbox 1247 1217 1425 1257; x_wconf 91' lang='lat' dir='ltr'><strong>quoque</strong></span> <span class='ocrx_word' id='word_1_98' title='bbox 1445 1204 1631 1257; x_wconf 87' lang='lat' dir='ltr'><strong>dignum</strong></span> 
     </span>
     <span class='ocr_line' id='line_1_15' title="bbox 353 1273 572 1313; baseline 0 -13"><span class='ocrx_word' id='word_1_99' title='bbox 353 1273 456 1313; x_wconf 86' lang='lat' dir='ltr'><strong>mge</strong></span> <span class='ocrx_word' id='word_1_100' title='bbox 507 1273 572 1301; x_wconf 88' lang='lat' dir='ltr'><strong>eo.</strong></span> 
     </span>
    </p>
   </div>
   <div class='ocr_carea' id='block_1_4' title="bbox 124 1375 1742 2212">
    <p class='ocr_par' dir='ltr' id='par_1_7' title="bbox 124 1375 1734 1829">
     <span class='ocr_line' id='line_1_16' title="bbox 124 1375 1703 1439; baseline -0.006 -11"><span class='ocrx_word' id='word_1_101' title='bbox 124 1384 184 1431; x_wconf 90' lang='lat'><strong>13</strong></span> <span class='ocrx_word' id='word_1_102' title='bbox 207 1381 370 1426; x_wconf 90' lang='lat' dir='ltr'><strong>Nemo</strong></span> <span class='ocrx_word' id='word_1_103' title='bbox 415 1379 541 1425; x_wconf 89' lang='lat' dir='ltr'><strong>alius</strong></span> <span class='ocrx_word' id='word_1_104' title='bbox 589 1384 666 1424; x_wconf 90' lang='lat' dir='ltr'><strong>est</strong></span> <span class='ocrx_word' id='word_1_105' title='bbox 719 1377 815 1423; x_wconf 89' lang='lat' dir='ltr'><strong>deo</strong></span> <span class='ocrx_word' id='word_1_106' title='bbox 864 1375 1047 1439; x_wconf 87' lang='lat' dir='ltr'><strong>dignus</strong></span> <span class='ocrx_word' id='word_1_107' title='bbox 1095 1391 1245 1439; x_wconf 89' lang='lat' dir='ltr'><strong>quam</strong></span> <span class='ocrx_word' id='word_1_108' title='bbox 1285 1377 1371 1438; x_wconf 93' lang='lat' dir='ltr'><strong>qui</strong></span> <span class='ocrx_word' id='word_1_109' title='bbox 1419 1391 1539 1436; x_wconf 90' lang='lat' dir='ltr'><strong>opes</strong></span> <span class='ocrx_word' id='word_1_110' title='bbox 1587 1390 1703 1420; x_wconf 91' lang='lat' dir='ltr'><strong>con-</strong></span> 
     </span>
     <span class='ocr_line' id='line_1_17' title="bbox 204 1452 1703 1520; baseline -0.004 -16"><span class='ocrx_word' id='word_1_111' title='bbox 204 1461 425 1520; x_wconf 89' lang='lat' dir='ltr'><strong>tempsit.</strong></span> <span class='ocrx_word' id='word_1_112' title='bbox 500 1455 722 1513; x_wconf 84' lang='lat' dir='ltr'><strong>Quarum</strong></span> <span class='ocrx_word' id='word_1_113' title='bbox 759 1457 1122 1518; x_wconf 90' lang='lat' dir='ltr'><strong>possessionem</strong></span> <span class='ocrx_word' id='word_1_114' title='bbox 1158 1453 1252 1498; x_wconf 90' lang='lat' dir='ltr'><strong>tibi</strong></span> <span class='ocrx_word' id='word_1_115' title='bbox 1292 1468 1395 1499; x_wconf 90' lang='lat' dir='ltr'><strong>non</strong></span> <span class='ocrx_word' id='word_1_116' title='bbox 1440 1452 1703 1510; x_wconf 87' lang='lat' dir='ltr'><strong>interdico,</strong></span> 
     </span>
     <span class='ocr_line' id='line_1_18' title="bbox 204 1528 1703 1593; baseline -0.005 -11"><span class='ocrx_word' id='word_1_117' title='bbox 204 1535 294 1582; x_wconf 92' lang='lat' dir='ltr'><strong>sed</strong></span> <span class='ocrx_word' id='word_1_118' title='bbox 331 1534 525 1581; x_wconf 91' lang='lat' dir='ltr'><strong>efficere</strong></span> <span class='ocrx_word' id='word_1_119' title='bbox 561 1533 686 1589; x_wconf 90' lang='lat' dir='ltr'><strong>volo,</strong></span> <span class='ocrx_word' id='word_1_120' title='bbox 716 1538 774 1579; x_wconf 92' lang='lat' dir='ltr'><strong>ut</strong></span> <span class='ocrx_word' id='word_1_121' title='bbox 808 1530 931 1593; x_wconf 7' lang='lat' dir='ltr'><strong>illas?</strong></span> <span class='ocrx_word' id='word_1_122' title='bbox 954 1529 1208 1592; x_wconf 89' lang='lat' dir='ltr'><strong>intrepide</strong></span> <span class='ocrx_word' id='word_1_123' title='bbox 1244 1529 1497 1592; x_wconf 84' lang='lat' dir='ltr'><strong>possideas</strong></span> <span class='ocrx_word' id='word_1_124' title='bbox 1515 1547 1528 1589; x_wconf 90' lang='lat'>;</span> <span class='ocrx_word' id='word_1_125' title='bbox 1570 1528 1703 1592; x_wconf 91' lang='lat' dir='ltr'><strong>quod</strong></span> 
     </span>
     <span class='ocr_line' id='line_1_19' title="bbox 204 1606 1703 1674; baseline -0.004 -15"><span class='ocrx_word' id='word_1_126' title='bbox 204 1629 306 1659; x_wconf 93' lang='lat' dir='ltr'><strong>uno</strong></span> <span class='ocrx_word' id='word_1_127' title='bbox 353 1614 671 1674; x_wconf 89' lang='lat' dir='ltr'><strong>consequeris</strong></span> <span class='ocrx_word' id='word_1_128' title='bbox 708 1608 873 1666; x_wconf 91' lang='lat' dir='ltr'><strong>modo,</strong></span> <span class='ocrx_word' id='word_1_129' title='bbox 909 1611 948 1654; x_wconf 91' lang='lat' dir='ltr'><strong>si</strong></span> <span class='ocrx_word' id='word_1_130' title='bbox 997 1613 1050 1653; x_wconf 91' lang='lat' dir='ltr'><strong>te</strong></span> <span class='ocrx_word' id='word_1_131' title='bbox 1087 1610 1240 1654; x_wconf 90' lang='lat' dir='ltr'><strong>etiam</strong></span> <span class='ocrx_word' id='word_1_132' title='bbox 1276 1609 1384 1653; x_wconf 92' lang='lat' dir='ltr'><strong>sine</strong></span> <span class='ocrx_word' id='word_1_133' title='bbox 1420 1606 1519 1652; x_wconf 92' lang='lat' dir='ltr'><strong>illis</strong></span> <span class='ocrx_word' id='word_1_134' title='bbox 1554 1606 1703 1653; x_wconf 90' lang='lat' dir='ltr'><strong>beate</strong></span> 
     </span>
     <span class='ocr_line' id='line_1_20' title="bbox 203 1684 1705 1751; baseline -0.005 -14"><span class='ocrx_word' id='word_1_135' title='bbox 203 1694 453 1737; x_wconf 89' lang='lat' dir='ltr'><strong>victurum</strong></span> <span class='ocrx_word' id='word_1_136' title='bbox 488 1690 790 1751; x_wconf 88' lang='lat' dir='ltr'><strong>persuaseris</strong></span> <span class='ocrx_word' id='word_1_137' title='bbox 826 1686 936 1742; x_wconf 90' lang='lat' dir='ltr'><strong>tibi,</strong></span> <span class='ocrx_word' id='word_1_138' title='bbox 972 1689 1011 1730; x_wconf 89' lang='lat' dir='ltr'><strong>si</strong></span> <span class='ocrx_word' id='word_1_139' title='bbox 1048 1684 1158 1730; x_wconf 86' lang='lat' dir='ltr'><strong>illas</strong></span> <span class='ocrx_word' id='word_1_140' title='bbox 1194 1691 1450 1746; x_wconf 85' lang='lat' dir='ltr'><strong>tamquam</strong></span> <span class='ocrx_word' id='word_1_141' title='bbox 1486 1686 1705 1730; x_wconf 84' lang='lat' dir='ltr'><strong>exituras</strong></span> 
     </span>
     <span class='ocr_line' id='line_1_21' title="bbox 207 1765 1734 1829; baseline -0.005 -15"><span class='ocrx_word' id='word_1_142' title='bbox 207 1783 405 1829; x_wconf 91' lang='lat' dir='ltr'><strong>semper</strong></span> <span class='ocrx_word' id='word_1_143' title='bbox 428 1768 693 1828; x_wconf 86' lang='lat' dir='ltr'><strong>aspexeris.</strong></span> <span class='ocrx_word' id='word_1_144' title='bbox 1731 1765 1734 1768; x_wconf 78' lang='grc'>’</span> 
     </span>
    </p>

    <p class='ocr_par' dir='ltr' id='par_1_8' title="bbox 125 1833 1742 2136">
     <span class='ocr_line' id='line_1_22' title="bbox 125 1833 1701 1905; baseline -0.006 -13"><span class='ocrx_word' id='word_1_145' title='bbox 125 1851 187 1898; x_wconf 89' lang='lat'><strong>14</strong></span> <span class='ocrx_word' id='word_1_146' title='bbox 292 1844 394 1891; x_wconf 92' lang='lat' dir='ltr'><strong>Sed</strong></span> <span class='ocrx_word' id='word_1_147' title='bbox 409 1833 508 1890; x_wconf 84' lang='lat' dir='ltr'><strong>iam</strong></span> <span class='ocrx_word' id='word_1_148' title='bbox 522 1845 816 1905; x_wconf 90' lang='lat' dir='ltr'><strong>incipiamus</strong></span> <span class='ocrx_word' id='word_1_149' title='bbox 833 1839 1099 1903; x_wconf 87' lang='lat' dir='ltr'><strong>epistulam</strong></span> <span class='ocrx_word' id='word_1_150' title='bbox 1123 1839 1419 1900; x_wconf 89' lang='lat' dir='ltr'><strong>conplicare.</strong></span> <span class='ocrx_word' id='word_1_151' title='bbox 1465 1843 1496 1865; x_wconf 89' lang='lat'><em>“</em></span> <span class='ocrx_word' id='word_1_152' title='bbox 1517 1838 1701 1895; x_wconf 86' lang='lat' dir='ltr'><strong>Prius,&#39;&#39;</strong></span> 
     </span>
     <span class='ocr_line' id='line_1_23' title="bbox 206 1915 1704 1985; baseline -0.006 -16"><span class='ocrx_word' id='word_1_153' title='bbox 206 1926 388 1985; x_wconf 89' lang='lat' dir='ltr'><strong>inquis,</strong></span> <span class='ocrx_word' id='word_1_154' title='bbox 425 1920 628 1967; x_wconf 87' lang='lat' dir='ltr'><strong>“redde</strong></span> <span class='ocrx_word' id='word_1_155' title='bbox 656 1919 791 1982; x_wconf 93' lang='lat' dir='ltr'><strong>quod</strong></span> <span class='ocrx_word' id='word_1_156' title='bbox 827 1917 1031 1965; x_wconf 90' lang='lat' dir='ltr'><strong>debes.”</strong></span> <span class='ocrx_word' id='word_1_157' title='bbox 1107 1916 1368 1979; x_wconf 88' lang='lat' dir='ltr'><strong>Delegabo</strong></span> <span class='ocrx_word' id='word_1_158' title='bbox 1397 1922 1450 1962; x_wconf 87' lang='lat' dir='ltr'><strong>te</strong></span> <span class='ocrx_word' id='word_1_159' title='bbox 1486 1915 1550 1961; x_wconf 90' lang='lat' dir='ltr'><strong>ad</strong></span> <span class='ocrx_word' id='word_1_160' title='bbox 1585 1916 1704 1978; x_wconf 73' lang='lat' dir='ltr'><strong>Epi-</strong></span> 
     </span>
     <span class='ocr_line' id='line_1_24' title="bbox 207 1993 1706 2055; baseline -0.004 -9"><span class='ocrx_word' id='word_1_161' title='bbox 207 2015 411 2054; x_wconf 82' lang='lat' dir='ltr'><strong>curum3</strong></span> <span class='ocrx_word' id='word_1_162' title='bbox 448 1999 511 2045; x_wconf 90' lang='lat' dir='ltr'><strong>ab</strong></span> <span class='ocrx_word' id='word_1_163' title='bbox 535 1998 622 2044; x_wconf 89' lang='lat' dir='ltr'><strong>illo</strong></span> <span class='ocrx_word' id='word_1_164' title='bbox 646 1998 734 2044; x_wconf 91' lang='lat' dir='ltr'><strong>fiet</strong></span> <span class='ocrx_word' id='word_1_165' title='bbox 757 1999 1038 2043; x_wconf 86' lang='lat' dir='ltr'><strong>numeratio</strong></span> <span class='ocrx_word' id='word_1_166' title='bbox 1060 2014 1067 2042; x_wconf 89' lang='lat'><strong>:</strong></span> <span class='ocrx_word' id='word_1_167' title='bbox 1107 1999 1137 2021; x_wconf 74' lang='lat'><strong>‘⁶</strong></span> <span class='ocrx_word' id='word_1_168' title='bbox 1158 1993 1412 2040; x_wconf 88' lang='lat' dir='ltr'><strong>Inmodica</strong></span> <span class='ocrx_word' id='word_1_169' title='bbox 1439 1997 1511 2039; x_wconf 91' lang='lat' dir='ltr'><strong>ira</strong></span> <span class='ocrx_word' id='word_1_170' title='bbox 1540 1996 1706 2055; x_wconf 86' lang='lat' dir='ltr'><strong>gignit</strong></span> 
     </span>
     <span class='ocr_line' id='line_1_25' title="bbox 207 2073 1742 2136; baseline -0.004 -13"><span class='ocrx_word' id='word_1_171' title='bbox 207 2075 498 2123; x_wconf 89' lang='lat' dir='ltr'><strong>insaniam.&#39;’</strong></span> <span class='ocrx_word' id='word_1_172' title='bbox 574 2075 686 2120; x_wconf 90' lang='lat' dir='ltr'><strong>Hoc</strong></span> <span class='ocrx_word' id='word_1_173' title='bbox 723 2089 869 2136; x_wconf 87' lang='lat' dir='ltr'><strong>quam</strong></span> <span class='ocrx_word' id='word_1_174' title='bbox 904 2088 1076 2119; x_wconf 91' lang='lat' dir='ltr'><strong>verum</strong></span> <span class='ocrx_word' id='word_1_175' title='bbox 1110 2075 1189 2128; x_wconf 86' lang='lat' dir='ltr'><strong>sit,</strong></span> <span class='ocrx_word' id='word_1_176' title='bbox 1215 2086 1422 2117; x_wconf 90' lang='lat' dir='ltr'><strong>necesse</strong></span> <span class='ocrx_word' id='word_1_177' title='bbox 1455 2076 1530 2116; x_wconf 83' lang='lat' dir='ltr'><strong>est</strong></span> <span class='ocrx_word' id='word_1_178' title='bbox 1567 2073 1705 2127; x_wconf 90' lang='lat' dir='ltr'><strong>scias,</strong></span> <span class='ocrx_word' id='word_1_179' title='bbox 1739 2116 1742 2117; x_wconf 16' lang='lat'><em>⁷</em></span> 
     </span>
    </p>

    <p class='ocr_par' dir='ltr' id='par_1_9' title="bbox 131 2136 1742 2212">
     <span class='ocr_line' id='line_1_26' title="bbox 131 2136 1742 2212; baseline -0.004 -12"><span class='ocrx_word' id='word_1_180' title='bbox 131 2167 188 2212; x_wconf 85' lang='lat'><strong>15</strong></span> <span class='ocrx_word' id='word_1_181' title='bbox 210 2171 324 2200; x_wconf 88' lang='lat' dir='ltr'><strong>cum</strong></span> <span class='ocrx_word' id='word_1_182' title='bbox 366 2153 599 2199; x_wconf 88' lang='lat' dir='ltr'><strong>habueris</strong></span> <span class='ocrx_word' id='word_1_183' title='bbox 646 2159 700 2198; x_wconf 90' lang='lat' dir='ltr'><strong>et</strong></span> <span class='ocrx_word' id='word_1_184' title='bbox 741 2167 935 2198; x_wconf 90' lang='lat' dir='ltr'><strong>servum</strong></span> <span class='ocrx_word' id='word_1_185' title='bbox 986 2156 1039 2196; x_wconf 90' lang='lat' dir='ltr'><strong>et</strong></span> <span class='ocrx_word' id='word_1_186' title='bbox 1079 2151 1350 2195; x_wconf 88' lang='lat' dir='ltr'><strong>inimicum.</strong></span> <span class='ocrx_word' id='word_1_187' title='bbox 1426 2147 1485 2193; x_wconf 92' lang='lat' dir='ltr'><strong>In</strong></span> <span class='ocrx_word' id='word_1_188' title='bbox 1532 2136 1742 2198; x_wconf 57' lang='lat' dir='ltr'><strong>omnes}</strong></span> 
     </span>
    </p>
   </div>
   <div class='ocr_carea' id='block_1_5' title="bbox 210 2205 1742 2295">
    <p class='ocr_par' dir='ltr' id='par_1_10' title="bbox 210 2205 1742 2295">
     <span class='ocr_line' id='line_1_27' title="bbox 210 2205 1742 2295; baseline -0.006 -17"><span class='ocrx_word' id='word_1_189' title='bbox 210 2248 444 2295; x_wconf 86' lang='lat' dir='ltr'><strong>personas</strong></span> <span class='ocrx_word' id='word_1_190' title='bbox 508 2233 586 2276; x_wconf 91' lang='lat' dir='ltr'><strong>hic</strong></span> <span class='ocrx_word' id='word_1_191' title='bbox 638 2228 918 2275; x_wconf 86' lang='lat' dir='ltr'><strong>exardescit</strong></span> <span class='ocrx_word' id='word_1_192' title='bbox 963 2226 1201 2282; x_wconf 85' lang='lat' dir='ltr'><strong>affectus;</strong></span> <span class='ocrx_word' id='word_1_193' title='bbox 1263 2232 1367 2272; x_wconf 87' lang='lat' dir='ltr'><strong>tam</strong></span> <span class='ocrx_word' id='word_1_194' title='bbox 1423 2240 1486 2270; x_wconf 88' lang='lat' dir='ltr'><strong>ex</strong></span> <span class='ocrx_word' id='word_1_195' title='bbox 1539 2205 1742 2270; x_wconf 74' lang='lat' dir='ltr'><strong>amore⁴</strong></span> 
     </span>
    </p>
   </div>
   <div class='ocr_carea' id='block_1_6' title="bbox 279 2320 1700 2374">
    <p class='ocr_par' dir='ltr' id='par_1_11' title="bbox 279 2320 1700 2374">
     <span class='ocr_line' id='line_1_28' title="bbox 279 2320 1700 2374; baseline -0.006 -4"><span class='ocrx_word' id='word_1_196' title='bbox 279 2330 293 2355; x_wconf 73' lang='lat'><strong>¹</strong></span> <span class='ocrx_word' id='word_1_197' title='bbox 323 2328 571 2371; x_wconf 78' lang='lat' dir='ltr'><strong>liberaliora</strong></span> <span class='ocrx_word' id='word_1_198' title='bbox 591 2326 818 2374; x_wconf 87' lang='lat' dir='ltr'><strong>Muretus;</strong></span> <span class='ocrx_word' id='word_1_199' title='bbox 844 2324 1045 2365; x_wconf 81' lang='lat' dir='ltr'><strong>liberiora</strong></span> <span class='ocrx_word' id='word_1_200' title='bbox 1058 2321 1211 2371; x_wconf 79' lang='lat' dir='ltr'><strong>MSS.;</strong></span> <span class='ocrx_word' id='word_1_201' title='bbox 1230 2322 1431 2363; x_wconf 79' lang='lat' dir='ltr'><strong>uberiora</strong></span> <span class='ocrx_word' id='word_1_202' title='bbox 1446 2320 1700 2362; x_wconf 88' lang='lat' dir='ltr'><strong>Buecheler.</strong></span> 
     </span>
    </p>
   </div>
   <div class='ocr_carea' id='block_1_7' title="bbox 610 2449 1302 2559">
    <p class='ocr_par' dir='ltr' id='par_1_12' title="bbox 610 2449 1302 2559">
     <span class='ocr_line' id='line_1_29' title="bbox 610 2449 1302 2505; baseline -0.004 -11"><span class='ocrx_word' id='word_1_203' title='bbox 610 2461 631 2479; x_wconf 76' lang='lat'><strong>‘⁸</strong></span> <span class='ocrx_word' id='word_1_204' title='bbox 662 2451 829 2505; x_wconf 88' lang='lat' dir='ltr'><strong>Vergil,</strong></span> <span class='ocrx_word' id='word_1_205' title='bbox 852 2451 1037 2496; x_wconf 76' lang='lat' dir='ltr'><strong>Aeneid,</strong></span> <span class='ocrx_word' id='word_1_206' title='bbox 1059 2451 1146 2491; x_wconf 88' lang='lat' dir='ltr'><strong>viii.</strong></span> <span class='ocrx_word' id='word_1_207' title='bbox 1170 2453 1252 2490; x_wconf 72' lang='lat'><strong>364</strong></span> <span class='ocrx_word' id='word_1_208' title='bbox 1271 2449 1302 2491; x_wconf 88' lang='lat' dir='ltr'><strong>f.</strong></span> 
     </span>
     <span class='ocr_line' id='line_1_30' title="bbox 714 2503 1204 2559; baseline -0.004 -12"><span class='ocrx_word' id='word_1_209' title='bbox 714 2508 731 2533; x_wconf 64' lang='grc' dir='ltr'><strong>ὁ</strong></span> <span class='ocrx_word' id='word_1_210' title='bbox 761 2506 796 2547; x_wconf 90' lang='lat' dir='ltr'>F</span> <span class='ocrx_word' id='word_1_211' title='bbox 799 2518 890 2559; x_wconf 86' lang='lat' dir='ltr'><strong>rag.</strong></span> <span class='ocrx_word' id='word_1_212' title='bbox 916 2507 996 2544; x_wconf 76' lang='lat'><strong>484</strong></span> <span class='ocrx_word' id='word_1_213' title='bbox 1017 2503 1204 2545; x_wconf 89' lang='lat' dir='ltr'><strong>Usener.</strong></span> 
     </span>
    </p>
   </div>
   <div class='ocr_carea' id='block_1_8' title="bbox 217 2580 310 2622">
    <p class='ocr_par' dir='ltr' id='par_1_13' title="bbox 217 2580 310 2622">
     <span class='ocr_line' id='line_1_31' title="bbox 217 2580 310 2622; baseline -0.011 0"><span class='ocrx_word' id='word_1_214' title='bbox 217 2580 310 2622; x_wconf 75' lang='lat'><strong>122</strong></span> 
     </span>
    </p>
   </div>
  </div>
 </body>
</html>
