1742 2872
460 144 606 190 THE
644 143 964 192 EPISTLES
1002 144 1092 191 OF
1128 143 1391 191 SENECA

126 253 268 305 3-.sed
303 260 554 315 appareat.
630 254 831 300 Deinde
867 254 1114 301 videbunt
1148 254 1212 301 de
1248 258 1360 311 isto,
1385 254 1566 316 quibus
1599 257 1674 299 in-

179 361 322 417 tegra
369 361 487 406 sunt
534 362 588 402 et
635 359 793 418 prima
829 355 1050 413 consilia,
1092 373 1156 401 an
1191 355 1351 402 velint
1398 359 1551 401 vitam
1585 372 1677 417 per

178 458 443 504 obscurum
490 461 866 513 transmittere;
925 459 1020 504 tibi
1060 458 1274 504 liberum
1312 474 1415 503 non
1450 463 1541 504 est.
1615 457 1676 503 In

180 559 402 606 medium
417 565 470 606 te
486 560 698 621 protulit
711 563 904 622 ingenii
920 563 1075 621 vigor,
1095 563 1391 622 scriptorum
1408 559 1676 622 elegantia,

179 662 340 717 clarae
376 668 430 708 et
464 662 659 709 nobiles
693 665 956 709 amicitiae.
1034 662 1137 708 Iam
1174 666 1356 708 notitia
1390 668 1444 709 te
1479 666 1672 708 invasit.

182 765 255 812 Ut
277 769 331 811 in
355 772 582 812 extrema
603 769 844 828 mergaris
868 782 925 811 ac
954 769 1157 828 penitus
1180 765 1480 823 recondaris,
1504 771 1675 811 tamen

127 870 155 915 4
179 870 341 929 priora
386 867 751 914 monstrabunt.
849 867 1102 914 Tenebras
1137 867 1324 914 habere
1359 884 1458 913 non
1502 873 1675 929 potes3

179 976 434 1032 sequetur,
457 985 774 1034 quocumque
799 969 1005 1033 fugeris,
1028 969 1246 1016 multum
1271 972 1511 1032 pristinae
1534 969 1671 1015 lucis.

265 1071 506 1130 Quietem
553 1078 698 1134 potes
746 1072 998 1118 vindicare
1046 1075 1154 1118 sine
1202 1071 1351 1118 ullius
1398 1071 1530 1129 odio,
1567 1074 1674 1118 sine

178 1175 428 1222 desiderio
445 1182 534 1222 aut
559 1191 722 1222 morsu
746 1178 899 1221 animi
923 1178 1013 1222 tui.
1085 1174 1223 1232 Quid
1249 1177 1381 1221 enim
1407 1174 1675 1237 relinques,

179 1279 313 1341 quod
339 1282 525 1325 invitus
549 1279 781 1326 relictum
799 1296 829 1325 a
847 1285 900 1326 te
919 1282 1076 1342 possis
1095 1279 1350 1339 cogitare?
1418 1277 1678 1324 Clientes?
1726 1312 1728 1314 ψ

181 1380 406 1439 Quorum
430 1397 580 1427 nemo
603 1388 657 1428 te
692 1384 856 1443 ipsum
892 1383 1132 1444 sequitur,
1159 1379 1248 1426 sed
1283 1379 1472 1442 aliquid
1507 1396 1570 1426 ex
1605 1385 1674 1430 te.

180 1483 418 1530 Amicitia
457 1483 578 1530 olim
625 1484 909 1545 petebatur,
955 1499 1090 1529 nunc
1132 1482 1349 1544 praeda3
1406 1482 1677 1528 mutabunt

179 1592 485 1633 testamenta
521 1585 754 1632 destituti
791 1602 952 1644 senes,
980 1586 1217 1648 migrabit
1252 1585 1316 1632 ad
1351 1584 1488 1631 aliud
1522 1584 1676 1632 limen

181 1689 435 1736 salutator.
532 1689 646 1734 Non
694 1694 864 1751 potest
899 1705 1051 1751 parvo
1087 1704 1166 1735 res
1199 1705 1384 1750 magna
1418 1694 1676 1742 constare3

180 1796 406 1850 aestima,
431 1798 600 1838 utrum
625 1798 678 1838 te
698 1791 980 1854 relinquere
1005 1808 1070 1837 an
1093 1791 1283 1854 aliquid
1309 1807 1369 1838 ex
1396 1793 1494 1837 tuis
1517 1790 1672 1837 malis.

129 1895 159 1943 5
186 1894 393 1941 Utinam
451 1894 657 1957 quidem
719 1894 809 1940 tibi
873 1909 1135 1940 senescere
1193 1896 1489 1956 contigisset
1546 1896 1676 1939 intra

181 1997 423 2043 natalium
460 2002 659 2043 tuorum
695 1996 918 2054 modum,
953 2012 1048 2042 nec
1095 2001 1147 2042 te
1184 1999 1237 2041 in
1270 1995 1430 2042 altum
1477 1995 1677 2041 fortuna

179 2099 422 2145 misisset!
497 2098 635 2144 Tulit
670 2104 722 2144 te
758 2097 910 2160 longe
944 2114 974 2143 a
1009 2103 1283 2159 conspectu
1311 2100 1445 2143 vitae
1470 2096 1676 2144 salubris

180 2202 353 2263 rapida
388 2201 617 2259 felicitas,
651 2204 904 2263 provincia
939 2206 993 2266 et
1027 2203 1326 2262 procuratio,
1351 2205 1406 2246 et
1440 2198 1677 2262 quicquid

181 2306 245 2351 ab
263 2308 370 2351 istis
390 2307 728 2367 promittitur;
764 2308 949 2349 maiora
967 2302 1153 2350 deinde
1174 2303 1330 2348 officia
1348 2308 1401 2348 te
1422 2304 1677 2364 excipient

128 2405 157 2451 6
181 2415 233 2455 et
266 2424 327 2455 ex
363 2408 471 2453 aliis
506 2407 620 2453 alia.
688 2407 813 2465 Quis
850 2409 1013 2452 exitus
1049 2408 1180 2452 erit?
1249 2405 1385 2463 Quid
1422 2411 1675 2468 expectas,
1712 2435 1714 2437 -

567 2560 588 2579 ⁶
615 2551 700 2593 See
718 2551 797 2593 the
818 2551 1142 2599 Introduction,
1163 2565 1206 2604 p.
1230 2552 1287 2592 ix·

187 2618 279 2666 126
