1742 2872
482 118 629 165 THE
665 116 984 165 EPISTLES
1022 115 1112 163 OF
1147 112 1413 163 SENECA
1727 72 1742 192 ξ

201 231 559 275 commentario
578 243 764 290 sapere.
839 231 870 253 “
888 226 1001 271 Hoc
1020 225 1191 271 Zenon
1214 223 1341 269 dixit
1356 221 1383 239 ''
1406 239 1417 278 ;
1454 227 1511 268 tu
1535 219 1655 284 quid
1676 221 1695 266 ?
1730 212 1742 219 ⁴

127 308 151 313 *l
201 324 233 347 “
251 320 365 366 Hoc
404 318 673 365 Cleanthes
690 318 716 334 ”
739 334 749 373 ;
800 323 857 364 tu
897 316 1056 379 quid?
1143 314 1418 376 Quousque
1466 312 1558 358 sub
1597 311 1696 357 alio

202 411 447 457 moveris?
520 409 718 472 Impera
753 415 806 455 et
841 408 937 465 dic,
974 406 1110 470 quod
1147 409 1418 452 memoriae
1455 403 1694 450 tradatur.

152 508 181 554 8
204 501 411 564 Aliquid
437 507 490 547 et
514 500 578 547 de
611 506 700 547 tuo
729 499 907 561 profer.
981 498 1173 546 Omnes
1197 500 1367 559 itaque
1392 499 1528 552 istos,
1554 511 1697 540 num·
1736 543 1737 546 ,

204 610 352 657 quam
376 599 620 650 auctores,
646 607 844 654 semper
874 594 1177 652 interpretes
1210 588 1301 635 sub
1334 587 1497 633 aliena
1524 586 1700 632 umbra

204 685 440 741 latentes,
477 682 604 729 nihil
643 685 874 729 existimo
915 680 1101 726 habere
1142 682 1390 742 generosi,
1426 692 1697 739 numquam

205 792 348 822 ausos
371 774 639 838 aliquando
663 774 844 831 facere,
869 772 1005 836 quod
1029 772 1114 818 diu
1140 770 1432 817 didicerant.
1508 769 1700 814 Memo-

207 871 330 913 riam
352 870 406 913 in
428 867 604 913 alienis
629 869 975 912 exercuerunt.
1050 861 1204 908 Aliud
1228 867 1400 908 autem
1425 867 1503 907 est
1527 862 1700 906 memi-

207 961 357 1016 nisse,
392 957 530 1004 aliud
570 960 708 1003 scire.
797 955 1088 1002 Meminisse
1130 959 1209 1000 est
1249 968 1355 999 rem
1391 954 1703 998 commissam

209 1052 477 1096 memoriae
502 1048 765 1095 custodire.
828 1046 900 1092 At
924 1051 1096 1093 contra
1115 1048 1239 1091 scire
1258 1050 1338 1091 est
1356 1049 1410 1090 et
1433 1059 1520 1089 sua
1538 1041 1703 1089 facere
1733 1045 1742 1077 Ι

209 1157 438 1204 quaeque
462 1156 558 1187 nec
581 1139 645 1186 ad
664 1138 919 1200 exemplar
935 1137 1158 1200 pendere
1178 1142 1232 1182 et
1250 1138 1439 1182 totiens
1457 1137 1704 1195 respicere
1730 1105 1742 1210 {¹

160 1241 189 1289 9
210 1233 274 1280 ad
302 1235 610 1294 magistrum.
683 1235 715 1258 “
733 1230 847 1276 Hoc
872 1229 1000 1276 dixit
1025 1229 1211 1284 Zenon,
1236 1226 1331 1272 hoc
1356 1224 1628 1272 Cleanthes
1648 1228 1656 1273 1
1675 1224 1700 1240 ''

213 1324 420 1388 Aliquid
442 1327 577 1370 inter
593 1330 647 1370 te
671 1324 872 1369 intersit
896 1327 949 1368 et
967 1320 1162 1367 librum.
1224 1318 1499 1382 Quousque
1517 1317 1705 1364 disces?

215 1417 322 1463 Iam
346 1422 400 1462 et
423 1418 670 1478 praecipe.
743 1419 774 1441 “
789 1412 928 1472 Quid
952 1419 1031 1459 est
1054 1427 1207 1475 quare
1233 1410 1313 1457 etl
1338 1409 1553 1466 audiam,
1572 1407 1707 1471 quod

212 1508 384 1571 legere
402 1506 668 1571 possum?”
730 1510 762 1533 “
773 1504 1040 1562 Multum,''
1059 1506 1241 1566 inquit,
1258 1505 1409 1548 “viva
1423 1517 1517 1547 vox
1536 1499 1703 1546 facit.”

214 1601 331 1647 Non
354 1599 559 1663 quidem
584 1598 725 1655 haec,
750 1613 878 1660 quae
902 1596 1077 1643 alienis
1101 1595 1264 1642 verbis
1288 1591 1632 1640 commodatur
1656 1597 1710 1638 et

214 1695 404 1740 actuari
428 1694 534 1737 vice
559 1689 799 1752 fungitur.

133 1790 196 1838 10
302 1783 462 1831 Adice
486 1797 621 1829 nunc
645 1780 780 1844 quod
811 1783 910 1838 isti,
936 1782 1021 1843 qui
1056 1794 1329 1841 numquam
1363 1775 1557 1823 tutelae
1593 1790 1710 1822 suae

217 1875 361 1933 fiunt,
387 1878 601 1938 primum
626 1876 679 1919 in
704 1888 763 1918 ea
787 1887 841 1918 re
866 1877 1103 1918 secuntur
1134 1872 1339 1932 priores,
1363 1872 1416 1914 in
1440 1884 1539 1931 qua
1562 1882 1711 1913 nemo

219 1983 321 2013 non
344 1983 374 2013 a
397 1969 559 2029 priore
584 1964 824 2019 descivit3
859 1961 1045 2009 deinde
1069 1964 1123 2007 in
1147 1977 1206 2008 ea
1229 1976 1283 2007 re
1307 1965 1559 2016 secuntur,
1584 1974 1713 2021 quae

219 2058 384 2105 adhuc
408 2059 675 2120 quaeritur.
740 2054 1026 2116 Numquam
1043 2058 1214 2098 autem
1232 2053 1518 2097 invenietur
1541 2052 1581 2094 si
1599 2065 1715 2094 con-

288 2165 302 2190 1
331 2164 438 2218 quid
465 2168 525 2205 est
550 2175 682 2217 quare
710 2166 750 2203 et
779 2159 963 2206 Hense;
997 2159 1102 2213 quid
1133 2163 1193 2200 est
1225 2162 1264 2199 et
1297 2170 1429 2210 quare
1457 2169 1515 2209 p;
1548 2154 1718 2208 quidem

222 2220 337 2274 quod
356 2232 410 2258 ar
428 2222 466 2258 te
486 2216 526 2258 L
542 2234 553 2265 ;
583 2216 690 2270 quid
707 2220 767 2256 est
786 2227 918 2268 quare
940 2213 1020 2255 Pb.
1739 2213 1742 2242 ὲ

291 2353 313 2373 ⁰
339 2343 434 2385 The
462 2342 662 2396 objector
688 2342 726 2382 is
754 2340 832 2381 the
860 2338 1070 2380 assumed
1099 2336 1291 2377 auditor.
1348 2334 1443 2375 The
1471 2346 1644 2374 answer
1670 2336 1719 2373 to

224 2400 303 2440 the
322 2398 544 2451 objection
570 2397 694 2448 gives
719 2393 798 2435 'the
823 2392 1004 2446 general
1024 2394 1133 2432 view
1154 2404 1203 2431 as
1230 2393 1277 2430 to
1295 2389 1374 2429 the
1401 2401 1549 2441 power
1568 2387 1619 2428 of
1641 2386 1742 2435 the-

225 2454 364 2506 living
382 2453 534 2498 voice;
563 2453 610 2490 to
629 2449 719 2490 this
740 2447 911 2489 Seneca
929 2449 1121 2494 assents,
1142 2443 1356 2500 provided
1376 2443 1475 2483 that
1499 2441 1578 2482 the
1595 2442 1721 2483 voice
1739 2448 1742 2449 ’

228 2508 310 2548 has
329 2520 357 2547 a
376 2517 580 2557 message
599 2503 650 2544 of
665 2504 723 2545 its
742 2515 856 2546 own.

232 2577 328 2620 238
