1742 2872
546 150 692 196 THE
729 149 1049 198 EPISTLES
1087 150 1177 198 OF
1213 150 1477 198 SENECA

253 258 417 304 locum
454 258 642 321 eligere
679 258 934 305 debemus.
1010 257 1450 316 Quemadmodum
1485 262 1619 305 inter
1650 265 1742 305 tor-

162 339 185 343 ”’
253 338 385 378 tores
427 330 655 378 habitare
697 331 868 389 nolim,
905 335 974 378 sic
1016 348 1082 378 ne
1118 335 1250 378 inter
1286 335 1493 394 popinas
1529 333 1742 395 quidem.

253 405 436 451 Videre
480 406 641 451 ebrios
681 421 771 467 per
813 405 958 451 litora
998 411 1222 452 errantes
1271 411 1324 452 et
1365 409 1742 453 comessationes

251 482 595 541 navigantium
643 485 696 525 et
743 479 1148 541 symphoniarum
1191 480 1419 525 cantibus
1466 486 1742 542 strepentes

250 551 386 598 lacus
423 558 476 599 et
511 552 624 610 alia,
659 569 787 615 quae
824 552 965 599 velut
1000 553 1163 599 soluta
1196 552 1392 615 legibus
1427 552 1622 599 luxuria
1649 570 1742 599 non

199 627 228 673 5
252 631 451 672 tantum
487 631 682 687 peccat,
708 625 797 672 sed
833 626 1073 688 publicat,
1107 626 1227 688 quid
1264 642 1469 673 necesse
1506 618 1637 714 631ῑῇ
1692 626 1742 673 Id

250 715 401 761 agere
437 699 695 756 debemus,
733 705 791 745 ut
825 703 1136 747 irritamenta
1178 703 1412 746 vitiorum
1453 716 1603 762 quam
1642 699 1742 746 lon-

250 776 451 834 gissime
489 772 841 836 profugiamus.
919 773 1234 820 Indurandus
1273 779 1351 820 est
1386 777 1579 820 animus
1622 780 1675 820 et
1721 789 1742 820 a

250 846 606 893 blandimentis
632 847 947 909 voluptatum
980 835 1151 909 procul
1181 846 1559 894 abstrahendus.
1637 848 1742 894 Una

252 920 594 967 Hannibalem
629 920 841 968 hiberna
878 920 1134 968 solverunt
1172 927 1225 967 et
1262 920 1563 967 indomitum
1605 920 1742 966 illum

248 995 444 1040 nivibus
479 1000 633 1057 atque
670 994 882 1056 Alpibus
918 997 1077 1040 virum
1117 1000 1484 1041 enervaverunt
1525 993 1742 1040 fomenta

198 1068 227 1115 6
251 1067 566 1130 Campaniae.
654 1068 819 1114 Armis
858 1071 993 1126 vicit,
1035 1071 1167 1114 vitiis
1208 1071 1368 1114 victus
1410 1074 1501 1115 est.
1592 1067 1742 1114 Nobis

249 1157 449 1205 quoque
484 1141 804 1188 militandum
840 1147 933 1199 est,
970 1147 1023 1188 et
1058 1141 1263 1205 quidem
1299 1157 1487 1203 genere
1521 1141 1742 1210 militiae,

247 1231 347 1278 quo
372 1232 646 1278 numquam
670 1219 827 1278 quies,
847 1231 1121 1278 numquam
1145 1219 1305 1262 otium
1325 1215 1485 1262 datur.
1559 1214 1742 1265 Debelw

248 1287 428 1336 landae
453 1295 571 1336 sunt
589 1292 642 1335 in
667 1292 836 1352 primis
856 1289 1156 1352 voluptates,
1175 1305 1320 1352 quae,
1341 1294 1398 1335 ut
1422 1289 1576 1346 videS,
1602 1282 1742 1336 saevd

248 1378 449 1426 quoque
483 1362 547 1409 ad
583 1379 635 1409 se
672 1366 876 1425 ingenia
910 1368 1197 1425 rapuerunt.
1271 1361 1323 1409 Si
1360 1365 1469 1426 quis
1511 1363 1602 1409 sibi
1641 1378 1742 1425 pro-

249 1440 487 1499 posuerit,
526 1442 770 1500 quantum
807 1440 969 1498 operis
1017 1436 1280 1499 adgressus
1327 1439 1408 1494 sit,
1450 1439 1575 1483 sciet
1620 1435 1742 1483 nihil

248 1509 482 1568 delicate,
515 1510 642 1556 nihil
676 1510 896 1557 molliter
932 1526 1041 1557 esse
1077 1509 1377 1557 faciendum.
1453 1509 1588 1568 Quid
1623 1509 1742 1558 mihi

249 1601 362 1630 cum
399 1587 506 1631 istis
542 1585 821 1631 calentibus
854 1584 1079 1647 stagnis?
1150 1582 1287 1642 Quid
1321 1600 1436 1630 cum
1467 1583 1742 1644 sudatoriis,

249 1661 301 1704 in
329 1674 458 1721 quae
490 1661 647 1705 siccus
680 1675 832 1720 vapor
855 1674 1068 1721 ⁴corpora
1100 1657 1407 1704 exhausurus
1436 1656 1742 1705 includitur?

250 1731 428 1779 Omnis
453 1732 603 1779 sudor
626 1748 715 1795 per
739 1724 959 1779 laborem
987 1738 1148 1792 exeat.

196 1803 223 1851 7
333 1805 386 1852 Si
417 1805 710 1864 faceremus,
742 1805 877 1869 quod
909 1805 1032 1853 fecit
1066 1805 1341 1864 Hannibal,
1370 1811 1426 1852 ut
1462 1809 1742 1868 interrupto

249 1895 393 1926 cursu
450 1896 614 1927 rerum
656 1881 948 1942 ¹omissoque
995 1879 1130 1926 bello
1175 1878 1403 1926 fovendis
1459 1880 1742 1942 corporibus

248 1969 451 2015 operam
475 1953 722 2011 daremus,
747 1970 896 2000 nemo
927 1969 1029 1999 non
1050 1955 1468 2015 ,intempestivam
1501 1953 1742 2023 desidia-m!

248 2030 422 2074 victori
458 2043 674 2090 quoque,
707 2017 1170 2089 nedum⁸vincenti,
1201 2026 1528 2089 periculosam
1562 2018 1740 2074 merito

248 2100 672 2163 reprehenderet3
708 2099 1045 2166 'minusmnobis
1079 2107 1228 2164 quam'
1252 2100 1348 2146 illis
1385 2100 1570 2147 Punica
1601 2104 1742 2163 signq

247 2175 574 2238 sequentibus
598 2174 734 2233 licet,
754 2174 865 2237 plus
886 2173 1091 2236 periculi
1117 2180 1274 2221 restat
1292 2173 1605 2233 cedentibus,
1629 2174 1742 2238 plus

313 2335 332 2352 α
361 2325 504 2366 There
519 2324 869 2365 isconsiderable
882 2324 1022 2365 doubt
1035 2323 1234 2365 whether
1248 2338 1342 2378 sym
1374 2324 1504 2365 homa
1516 2338 1606 2365 was
1616 2338 1670 2366 vo
1729 2373 1731 2379 ,

247 2394 297 2421 or
316 2378 627 2421 instrumental
650 2381 805 2420 music.
866 2378 961 2419 The
984 2391 1174 2431 passage
1200 2378 1339 2431 proba
1372 2378 1416 2431 ly
1438 2378 1574 2419 refers
1598 2379 1688 2419 eith

247 2438 294 2476 to
322 2434 612 2488 glee-singers
640 2433 708 2486 (as
737 2434 782 2473 in
806 2432 977 2474 Venice
1006 2432 1182 2485 to-day)
1211 2446 1262 2473 or
1288 2435 1336 2473 to
1365 2432 1508 2473 bands
1537 2432 1588 2473 of
1611 2432 1671 2474 flu

246 2489 422 2542 players
441 2488 627 2541 playing
651 2489 924 2539 part-music.
985 2486 1140 2528 Cicero
1163 2486 1311 2538 (Verr.
1332 2488 1389 2527 iii.
1411 2489 1475 2527 44.
1504 2487 1598 2539 105)
1617 2494 1718 2529 men

249 2545 364 2584 tions
384 2541 508 2583 them
527 2555 576 2582 as
599 2541 834 2594 providing
853 2542 1202 2582 entertainment
1219 2543 1269 2581 at
1288 2540 1531 2593 banquets..

247 2613 342 2656 338
