<?xml version="1.0" encoding="UTF-8"?>
<!DOCTYPE html PUBLIC "-//W3C//DTD XHTML 1.0 Transitional//EN"
    "http://www.w3.org/TR/xhtml1/DTD/xhtml1-transitional.dtd">
<html xmlns="http://www.w3.org/1999/xhtml" xml:lang="en" lang="en">
 <head>
  <title>
</title>
<meta http-equiv="Content-Type" content="text/html;charset=utf-8" />
  <meta name='ocr-system' content='tesseract 3.04.00' />
  <meta name='ocr-capabilities' content='ocr_page ocr_carea ocr_par ocr_line ocrx_word'/>
</head>
<body>
  <div class='ocr_page' id='page_1' title='image "adluciliumepistu01seneuoft_0268.png"; bbox 0 0 1742 2872; ppageno 0'>
   <div class='ocr_carea' id='block_1_1' title="bbox 525 153 1457 201">
    <p class='ocr_par' dir='ltr' id='par_1_1' title="bbox 525 153 1457 201">
     <span class='ocr_line' id='line_1_1' title="bbox 525 153 1457 201; baseline -0.001 -2"><span class='ocrx_word' id='word_1_1' title='bbox 525 153 671 200; x_wconf 91' lang='lat' dir='ltr'>THE</span> <span class='ocrx_word' id='word_1_2' title='bbox 707 153 1027 201; x_wconf 91' lang='lat' dir='ltr'>EPISTLES</span> <span class='ocrx_word' id='word_1_3' title='bbox 1065 153 1154 199; x_wconf 92' lang='lat' dir='ltr'>OF</span> <span class='ocrx_word' id='word_1_4' title='bbox 1190 153 1457 201; x_wconf 89' lang='lat' dir='ltr'>SENECA</span> 
     </span>
    </p>
   </div>
   <div class='ocr_carea' id='block_1_2' title="bbox 160 260 1742 1818">
    <p class='ocr_par' dir='ltr' id='par_1_2' title="bbox 160 260 1738 500">
     <span class='ocr_line' id='line_1_2' title="bbox 160 260 1735 325; baseline 0 -19"><span class='ocrx_word' id='word_1_5' title='bbox 160 308 185 313; x_wconf 15' lang='lat'>‚⁷</span> <span class='ocrx_word' id='word_1_6' title='bbox 243 260 489 308; x_wconf 87' lang='lat' dir='ltr'>didiceris.</span> <span class='ocrx_word' id='word_1_7' title='bbox 563 262 673 325; x_wconf 89' lang='lat' dir='ltr'>Ego</span> <span class='ocrx_word' id='word_1_8' title='bbox 714 262 919 325; x_wconf 91' lang='lat' dir='ltr'>quidem</span> <span class='ocrx_word' id='word_1_9' title='bbox 960 266 1182 325; x_wconf 85' lang='lat' dir='ltr'>percipio</span> <span class='ocrx_word' id='word_1_10' title='bbox 1217 265 1316 308; x_wconf 86' lang='lat' dir='ltr'>iam</span> <span class='ocrx_word' id='word_1_11' title='bbox 1351 261 1587 319; x_wconf 84' lang='lat' dir='ltr'>fructum,</span> <span class='ocrx_word' id='word_1_12' title='bbox 1623 277 1735 307; x_wconf 87' lang='lat' dir='ltr'>cum</span> 
     </span>
     <span class='ocr_line' id='line_1_3' title="bbox 241 348 1737 413; baseline 0 -19"><span class='ocrx_word' id='word_1_13' title='bbox 241 348 365 395; x_wconf 89' lang='lat' dir='ltr'>mihi</span> <span class='ocrx_word' id='word_1_14' title='bbox 389 349 523 413; x_wconf 89' lang='lat' dir='ltr'>fingo</span> <span class='ocrx_word' id='word_1_15' title='bbox 548 366 649 396; x_wconf 92' lang='lat' dir='ltr'>uno</span> <span class='ocrx_word' id='word_1_16' title='bbox 673 366 764 396; x_wconf 90' lang='lat' dir='ltr'>nos</span> <span class='ocrx_word' id='word_1_17' title='bbox 788 352 954 396; x_wconf 90' lang='lat' dir='ltr'>animo</span> <span class='ocrx_word' id='word_1_18' title='bbox 987 350 1180 396; x_wconf 88' lang='lat' dir='ltr'>futuros</span> <span class='ocrx_word' id='word_1_19' title='bbox 1217 356 1270 396; x_wconf 94' lang='lat' dir='ltr'>et</span> <span class='ocrx_word' id='word_1_20' title='bbox 1305 349 1542 412; x_wconf 87' lang='lat' dir='ltr'>quiequid</span> <span class='ocrx_word' id='word_1_21' title='bbox 1579 352 1737 395; x_wconf 85' lang='lat' dir='ltr'>aetati</span> 
     </span>
     <span class='ocr_line' id='line_1_4' title="bbox 245 438 1738 500; baseline 0 -18"><span class='ocrx_word' id='word_1_22' title='bbox 245 453 387 484; x_wconf 88' lang='lat' dir='ltr'>meae</span> <span class='ocrx_word' id='word_1_23' title='bbox 412 440 594 500; x_wconf 87' lang='lat' dir='ltr'>vigoris</span> <span class='ocrx_word' id='word_1_24' title='bbox 626 438 883 495; x_wconf 81' lang='lat' dir='ltr'><strong>abscessit,</strong></span> <span class='ocrx_word' id='word_1_25' title='bbox 908 438 960 484; x_wconf 94' lang='lat' dir='ltr'>id</span> <span class='ocrx_word' id='word_1_26' title='bbox 995 438 1059 484; x_wconf 89' lang='lat' dir='ltr'>ad</span> <span class='ocrx_word' id='word_1_27' title='bbox 1095 454 1176 484; x_wconf 90' lang='lat' dir='ltr'>me</span> <span class='ocrx_word' id='word_1_28' title='bbox 1212 454 1272 484; x_wconf 87' lang='lat' dir='ltr'>ex</span> <span class='ocrx_word' id='word_1_29' title='bbox 1309 444 1413 495; x_wconf 90' lang='lat' dir='ltr'>tua,</span> <span class='ocrx_word' id='word_1_30' title='bbox 1438 453 1738 500; x_wconf 85' lang='lat' dir='ltr'>quamquam</span> 
     </span>
    </p>

    <p class='ocr_par' dir='ltr' id='par_1_3' title="bbox 191 524 1740 1114">
     <span class='ocr_line' id='line_1_5' title="bbox 191 524 1738 587; baseline 0.001 -18"><span class='ocrx_word' id='word_1_31' title='bbox 191 528 219 575; x_wconf 90' lang='lat'><strong>3</strong></span> <span class='ocrx_word' id='word_1_32' title='bbox 242 540 344 570; x_wconf 89' lang='lat' dir='ltr'>non</span> <span class='ocrx_word' id='word_1_33' title='bbox 367 525 584 571; x_wconf 90' lang='lat' dir='ltr'>multum</span> <span class='ocrx_word' id='word_1_34' title='bbox 608 525 767 583; x_wconf 85' lang='lat' dir='ltr'>abest,</span> <span class='ocrx_word' id='word_1_35' title='bbox 786 525 1078 571; x_wconf 87' lang='lat' dir='ltr'>rediturum.</span> <span class='ocrx_word' id='word_1_36' title='bbox 1141 524 1242 571; x_wconf 87' lang='lat' dir='ltr'>Sed</span> <span class='ocrx_word' id='word_1_37' title='bbox 1266 531 1438 572; x_wconf 86' lang='lat' dir='ltr'>tamen</span> <span class='ocrx_word' id='word_1_38' title='bbox 1461 541 1515 571; x_wconf 90' lang='lat' dir='ltr'>re</span> <span class='ocrx_word' id='word_1_39' title='bbox 1539 540 1738 587; x_wconf 88' lang='lat' dir='ltr'>quoque</span> 
     </span>
     <span class='ocr_line' id='line_1_6' title="bbox 241 611 1739 674; baseline 0.001 -18"><span class='ocrx_word' id='word_1_40' title='bbox 241 614 348 673; x_wconf 84' lang='lat' dir='ltr'>ipsa</span> <span class='ocrx_word' id='word_1_41' title='bbox 394 628 503 659; x_wconf 89' lang='lat' dir='ltr'>esse</span> <span class='ocrx_word' id='word_1_42' title='bbox 549 612 712 659; x_wconf 87' lang='lat' dir='ltr'>laetus</span> <span class='ocrx_word' id='word_1_43' title='bbox 759 611 883 659; x_wconf 90' lang='lat' dir='ltr'>volo.</span> <span class='ocrx_word' id='word_1_44' title='bbox 958 612 1113 658; x_wconf 81' lang='lat' dir='ltr'>Venit</span> <span class='ocrx_word' id='word_1_45' title='bbox 1158 612 1222 658; x_wconf 90' lang='lat' dir='ltr'>ad</span> <span class='ocrx_word' id='word_1_46' title='bbox 1263 628 1354 658; x_wconf 90' lang='lat' dir='ltr'>nos</span> <span class='ocrx_word' id='word_1_47' title='bbox 1395 628 1458 659; x_wconf 88' lang='lat' dir='ltr'>ex</span> <span class='ocrx_word' id='word_1_48' title='bbox 1498 616 1574 670; x_wconf 90' lang='lat' dir='ltr'>iis,</span> <span class='ocrx_word' id='word_1_49' title='bbox 1615 627 1739 674; x_wconf 89' lang='lat' dir='ltr'>quos</span> 
     </span>
     <span class='ocr_line' id='line_1_7' title="bbox 242 699 1739 763; baseline 0.001 -19"><span class='ocrx_word' id='word_1_50' title='bbox 242 715 480 758; x_wconf 85' lang='lat' dir='ltr'>amamus,</span> <span class='ocrx_word' id='word_1_51' title='bbox 517 704 668 747; x_wconf 88' lang='lat' dir='ltr'>etiam</span> <span class='ocrx_word' id='word_1_52' title='bbox 705 701 997 747; x_wconf 85' lang='lat' dir='ltr'><strong>absentibus</strong></span> <span class='ocrx_word' id='word_1_53' title='bbox 1033 700 1289 763; x_wconf 85' lang='lat' dir='ltr'>gaudium,</span> <span class='ocrx_word' id='word_1_54' title='bbox 1326 700 1416 747; x_wconf 91' lang='lat' dir='ltr'>sed</span> <span class='ocrx_word' id='word_1_55' title='bbox 1450 699 1502 746; x_wconf 90' lang='lat' dir='ltr'>id</span> <span class='ocrx_word' id='word_1_56' title='bbox 1538 699 1649 746; x_wconf 89' lang='lat' dir='ltr'>leve</span> <span class='ocrx_word' id='word_1_57' title='bbox 1686 705 1739 746; x_wconf 90' lang='lat' dir='ltr'>et</span> 
     </span>
     <span class='ocr_line' id='line_1_8' title="bbox 243 787 1739 850; baseline -0.001 -17"><span class='ocrx_word' id='word_1_58' title='bbox 243 787 540 843; x_wconf 87' lang='lat' dir='ltr'>evanidum;</span> <span class='ocrx_word' id='word_1_59' title='bbox 588 793 886 850; x_wconf 86' lang='lat' dir='ltr'>conspectus</span> <span class='ocrx_word' id='word_1_60' title='bbox 923 794 976 834; x_wconf 89' lang='lat' dir='ltr'>et</span> <span class='ocrx_word' id='word_1_61' title='bbox 1011 790 1295 849; x_wconf 85' lang='lat' dir='ltr'>praesentia</span> <span class='ocrx_word' id='word_1_62' title='bbox 1336 793 1390 834; x_wconf 90' lang='lat' dir='ltr'>et</span> <span class='ocrx_word' id='word_1_63' title='bbox 1430 789 1739 834; x_wconf 87' lang='lat' dir='ltr'>conversatio</span> 
     </span>
     <span class='ocr_line' id='line_1_9' title="bbox 243 874 1738 939; baseline -0.001 -18"><span class='ocrx_word' id='word_1_64' title='bbox 243 874 399 922; x_wconf 89' lang='lat' dir='ltr'>habet</span> <span class='ocrx_word' id='word_1_65' title='bbox 422 875 611 939; x_wconf 86' lang='lat' dir='ltr'>aliquid</span> <span class='ocrx_word' id='word_1_66' title='bbox 635 880 776 923; x_wconf 86' lang='lat' dir='ltr'>vivae</span> <span class='ocrx_word' id='word_1_67' title='bbox 809 876 1098 938; x_wconf 88' lang='lat' dir='ltr'>voluptatis,</span> <span class='ocrx_word' id='word_1_68' title='bbox 1123 879 1299 939; x_wconf 90' lang='lat' dir='ltr'>utique</span> <span class='ocrx_word' id='word_1_69' title='bbox 1334 880 1374 922; x_wconf 91' lang='lat' dir='ltr'>si</span> <span class='ocrx_word' id='word_1_70' title='bbox 1406 892 1508 921; x_wconf 91' lang='lat' dir='ltr'>non</span> <span class='ocrx_word' id='word_1_71' title='bbox 1539 880 1738 921; x_wconf 84' lang='lat' dir='ltr'>tantum</span> 
     </span>
     <span class='ocr_line' id='line_1_10' title="bbox 243 962 1739 1027; baseline -0.001 -17"><span class='ocrx_word' id='word_1_72' title='bbox 243 980 394 1027; x_wconf 87' lang='lat' dir='ltr'>quem</span> <span class='ocrx_word' id='word_1_73' title='bbox 427 963 566 1022; x_wconf 90' lang='lat' dir='ltr'>velis,</span> <span class='ocrx_word' id='word_1_74' title='bbox 592 964 681 1011; x_wconf 89' lang='lat' dir='ltr'>sed</span> <span class='ocrx_word' id='word_1_75' title='bbox 717 963 916 1026; x_wconf 86' lang='lat' dir='ltr'>qualem</span> <span class='ocrx_word' id='word_1_76' title='bbox 953 963 1092 1020; x_wconf 85' lang='lat' dir='ltr'>velis,</span> <span class='ocrx_word' id='word_1_77' title='bbox 1118 963 1299 1011; x_wconf 76' lang='lat' dir='ltr'>videas,</span> <span class='ocrx_word' id='word_1_78' title='bbox 1374 962 1535 1010; x_wconf 84' lang='lat' dir='ltr'><strong>Adfer</strong></span> <span class='ocrx_word' id='word_1_79' title='bbox 1568 966 1739 1024; x_wconf 84' lang='lat' dir='ltr'>itaque</span> 
     </span>
     <span class='ocr_line' id='line_1_11' title="bbox 243 1051 1740 1114; baseline 0 -16"><span class='ocrx_word' id='word_1_80' title='bbox 243 1057 297 1098; x_wconf 91' lang='lat' dir='ltr'>te</span> <span class='ocrx_word' id='word_1_81' title='bbox 322 1051 445 1097; x_wconf 91' lang='lat' dir='ltr'>mihi</span> <span class='ocrx_word' id='word_1_82' title='bbox 469 1055 649 1114; x_wconf 88' lang='lat' dir='ltr'>ingens</span> <span class='ocrx_word' id='word_1_83' title='bbox 674 1067 871 1108; x_wconf 84' lang='lat' dir='ltr'>munus,</span> <span class='ocrx_word' id='word_1_84' title='bbox 898 1057 951 1098; x_wconf 90' lang='lat' dir='ltr'>et</span> <span class='ocrx_word' id='word_1_85' title='bbox 983 1067 1082 1113; x_wconf 92' lang='lat' dir='ltr'>quo</span> <span class='ocrx_word' id='word_1_86' title='bbox 1115 1054 1274 1113; x_wconf 88' lang='lat' dir='ltr'>magis</span> <span class='ocrx_word' id='word_1_87' title='bbox 1299 1054 1472 1109; x_wconf 85' lang='lat' dir='ltr'>instes,</span> <span class='ocrx_word' id='word_1_88' title='bbox 1497 1053 1663 1112; x_wconf 86' lang='lat' dir='ltr'>cogita</span> <span class='ocrx_word' id='word_1_89' title='bbox 1686 1056 1740 1098; x_wconf 87' lang='lat' dir='ltr'>te</span> 
     </span>
    </p>

    <p class='ocr_par' dir='ltr' id='par_1_4' title="bbox 195 1138 1742 1818">
     <span class='ocr_line' id='line_1_12' title="bbox 195 1138 1740 1202; baseline 0 -17"><span class='ocrx_word' id='word_1_90' title='bbox 195 1145 221 1190; x_wconf 79' lang='grc'>4</span> <span class='ocrx_word' id='word_1_91' title='bbox 243 1139 506 1186; x_wconf 80' lang='lat' dir='ltr'><strong>mortalem</strong></span> <span class='ocrx_word' id='word_1_92' title='bbox 531 1155 656 1198; x_wconf 89' lang='lat' dir='ltr'>esse,</span> <span class='ocrx_word' id='word_1_93' title='bbox 674 1156 756 1186; x_wconf 90' lang='lat' dir='ltr'>me</span> <span class='ocrx_word' id='word_1_94' title='bbox 776 1156 961 1186; x_wconf 88' lang='lat' dir='ltr'>senem.</span> <span class='ocrx_word' id='word_1_95' title='bbox 1038 1139 1252 1202; x_wconf 85' lang='lat' dir='ltr'>Propera</span> <span class='ocrx_word' id='word_1_96' title='bbox 1274 1139 1339 1186; x_wconf 92' lang='lat' dir='ltr'>ad</span> <span class='ocrx_word' id='word_1_97' title='bbox 1363 1155 1462 1196; x_wconf 89' lang='lat' dir='ltr'>me,</span> <span class='ocrx_word' id='word_1_98' title='bbox 1487 1138 1575 1185; x_wconf 90' lang='lat' dir='ltr'>sed</span> <span class='ocrx_word' id='word_1_99' title='bbox 1599 1138 1663 1186; x_wconf 88' lang='lat' dir='ltr'>ad</span> <span class='ocrx_word' id='word_1_100' title='bbox 1686 1145 1740 1186; x_wconf 89' lang='lat' dir='ltr'>te</span> 
     </span>
     <span class='ocr_line' id='line_1_13' title="bbox 243 1226 1741 1290; baseline 0 -17"><span class='ocrx_word' id='word_1_101' title='bbox 243 1230 392 1290; x_wconf 87' lang='lat' dir='ltr'>prius.</span> <span class='ocrx_word' id='word_1_102' title='bbox 468 1227 655 1275; x_wconf 87' lang='lat' dir='ltr'>Profice</span> <span class='ocrx_word' id='word_1_103' title='bbox 698 1234 752 1275; x_wconf 91' lang='lat' dir='ltr'>et</span> <span class='ocrx_word' id='word_1_104' title='bbox 789 1234 908 1275; x_wconf 88' lang='lat' dir='ltr'>ante</span> <span class='ocrx_word' id='word_1_105' title='bbox 950 1231 1118 1274; x_wconf 90' lang='lat' dir='ltr'>omnia</span> <span class='ocrx_word' id='word_1_106' title='bbox 1151 1226 1246 1274; x_wconf 88' lang='lat' dir='ltr'>hoc</span> <span class='ocrx_word' id='word_1_107' title='bbox 1283 1244 1415 1285; x_wconf 88' lang='lat' dir='ltr'>cura,</span> <span class='ocrx_word' id='word_1_108' title='bbox 1450 1233 1508 1273; x_wconf 92' lang='lat' dir='ltr'>ut</span> <span class='ocrx_word' id='word_1_109' title='bbox 1544 1233 1741 1274; x_wconf 88' lang='lat' dir='ltr'>constes</span> 
     </span>
     <span class='ocr_line' id='line_1_14' title="bbox 243 1315 1741 1379; baseline 0.001 -18"><span class='ocrx_word' id='word_1_110' title='bbox 243 1316 350 1362; x_wconf 90' lang='lat' dir='ltr'>tibi.</span> <span class='ocrx_word' id='word_1_111' title='bbox 424 1315 675 1374; x_wconf 82' lang='lat' dir='ltr'>Quotiens</span> <span class='ocrx_word' id='word_1_112' title='bbox 713 1319 928 1379; x_wconf 88' lang='lat' dir='ltr'>experiri</span> <span class='ocrx_word' id='word_1_113' title='bbox 964 1316 1117 1373; x_wconf 86' lang='lat' dir='ltr'>voles,</span> <span class='ocrx_word' id='word_1_114' title='bbox 1141 1333 1206 1362; x_wconf 87' lang='lat' dir='ltr'>an</span> <span class='ocrx_word' id='word_1_115' title='bbox 1238 1315 1429 1379; x_wconf 90' lang='lat' dir='ltr'>aliquid</span> <span class='ocrx_word' id='word_1_116' title='bbox 1459 1322 1628 1363; x_wconf 87' lang='lat' dir='ltr'>actum</span> <span class='ocrx_word' id='word_1_117' title='bbox 1660 1319 1741 1374; x_wconf 88' lang='lat' dir='ltr'>sit,</span> 
     </span>
     <span class='ocr_line' id='line_1_15' title="bbox 243 1404 1742 1468; baseline 0 -18"><span class='ocrx_word' id='word_1_118' title='bbox 243 1404 467 1462; x_wconf 86' lang='lat' dir='ltr'>observa,</span> <span class='ocrx_word' id='word_1_119' title='bbox 491 1421 556 1450; x_wconf 87' lang='lat' dir='ltr'>an</span> <span class='ocrx_word' id='word_1_120' title='bbox 593 1405 771 1452; x_wconf 88' lang='lat' dir='ltr'>eadem</span> <span class='ocrx_word' id='word_1_121' title='bbox 807 1405 959 1452; x_wconf 89' lang='lat' dir='ltr'>hodie</span> <span class='ocrx_word' id='word_1_122' title='bbox 995 1405 1134 1461; x_wconf 89' lang='lat' dir='ltr'>velis,</span> <span class='ocrx_word' id='word_1_123' title='bbox 1164 1421 1292 1468; x_wconf 90' lang='lat' dir='ltr'>quae</span> <span class='ocrx_word' id='word_1_124' title='bbox 1327 1404 1449 1452; x_wconf 85' lang='lat' dir='ltr'>heri.</span> <span class='ocrx_word' id='word_1_125' title='bbox 1523 1404 1742 1450; x_wconf 82' lang='lat' dir='ltr'>Mutatio</span> 
     </span>
     <span class='ocr_line' id='line_1_16' title="bbox 243 1491 1742 1555; baseline 0.001 -18"><span class='ocrx_word' id='word_1_126' title='bbox 243 1491 515 1539; x_wconf 89' lang='lat' dir='ltr'>voluntatis</span> <span class='ocrx_word' id='word_1_127' title='bbox 539 1492 729 1539; x_wconf 88' lang='lat' dir='ltr'>indicat</span> <span class='ocrx_word' id='word_1_128' title='bbox 754 1496 976 1539; x_wconf 87' lang='lat' dir='ltr'>animum</span> <span class='ocrx_word' id='word_1_129' title='bbox 1000 1498 1190 1550; x_wconf 86' lang='lat' dir='ltr'>natare,</span> <span class='ocrx_word' id='word_1_130' title='bbox 1216 1491 1369 1538; x_wconf 86' lang='lat' dir='ltr'>aliubi</span> <span class='ocrx_word' id='word_1_131' title='bbox 1403 1498 1556 1555; x_wconf 88' lang='lat' dir='ltr'>atque</span> <span class='ocrx_word' id='word_1_132' title='bbox 1588 1491 1742 1538; x_wconf 83' lang='lat' dir='ltr'>aliubi</span> 
     </span>
     <span class='ocr_line' id='line_1_17' title="bbox 243 1567 1742 1643; baseline 0 -18"><span class='ocrx_word' id='word_1_133' title='bbox 243 1595 500 1642; x_wconf 88' lang='lat' dir='ltr'>apparere,</span> <span class='ocrx_word' id='word_1_134' title='bbox 541 1586 690 1643; x_wconf 85' lang='lat' dir='ltr'>prout</span> <span class='ocrx_word' id='word_1_135' title='bbox 737 1580 858 1627; x_wconf 90' lang='lat' dir='ltr'>tulit</span> <span class='ocrx_word' id='word_1_136' title='bbox 904 1587 1098 1627; x_wconf 89' lang='lat' dir='ltr'>ventus.</span> <span class='ocrx_word' id='word_1_137' title='bbox 1175 1580 1289 1626; x_wconf 92' lang='lat' dir='ltr'>Non</span> <span class='ocrx_word' id='word_1_138' title='bbox 1336 1585 1559 1642; x_wconf 86' lang='lat' dir='ltr'>vagatur,</span> <span class='ocrx_word' id='word_1_139' title='bbox 1606 1567 1742 1641; x_wconf 31' lang='lat' dir='ltr'>quod,i</span> 
     </span>
     <span class='ocr_line' id='line_1_18' title="bbox 244 1650 1742 1740; baseline 0.001 -28"><span class='ocrx_word' id='word_1_140' title='bbox 244 1666 396 1712; x_wconf 86' lang='lat' dir='ltr'>fixum</span> <span class='ocrx_word' id='word_1_141' title='bbox 431 1673 584 1730; x_wconf 88' lang='lat' dir='ltr'>atque</span> <span class='ocrx_word' id='word_1_142' title='bbox 619 1667 886 1714; x_wconf 89' lang='lat' dir='ltr'>fundatum</span> <span class='ocrx_word' id='word_1_143' title='bbox 924 1673 1014 1715; x_wconf 87' lang='lat' dir='ltr'>est.</span> <span class='ocrx_word' id='word_1_144' title='bbox 1090 1667 1234 1714; x_wconf 87' lang='lat' dir='ltr'>Istud</span> <span class='ocrx_word' id='word_1_145' title='bbox 1266 1670 1479 1730; x_wconf 88' lang='lat' dir='ltr'>sapienti</span> <span class='ocrx_word' id='word_1_146' title='bbox 1516 1650 1742 1740; x_wconf 55' lang='lat' dir='ltr'>perfectq&#39;</span> 
     </span>
     <span class='ocr_line' id='line_1_19' title="bbox 245 1755 1724 1818; baseline 0.001 -18"><span class='ocrx_word' id='word_1_147' title='bbox 245 1757 512 1817; x_wconf 86' lang='lat' dir='ltr'>contingit,</span> <span class='ocrx_word' id='word_1_148' title='bbox 567 1755 884 1818; x_wconf 87' lang='lat' dir='ltr'>aliquatenus</span> <span class='ocrx_word' id='word_1_149' title='bbox 942 1762 996 1802; x_wconf 92' lang='lat' dir='ltr'>et</span> <span class='ocrx_word' id='word_1_150' title='bbox 1050 1755 1330 1817; x_wconf 82' lang='lat' dir='ltr'>proficienti</span> <span class='ocrx_word' id='word_1_151' title='bbox 1388 1759 1724 1817; x_wconf 84' lang='lat' dir='ltr'>provectoque</span> 
     </span>
    </p>
   </div>
   <div class='ocr_carea' id='block_1_3' title="bbox 1683 1742 1742 2872">
    <p class='ocr_par' dir='ltr' id='par_1_5' title="bbox 1683 1742 1742 2872">
     <span class='ocr_line' id='line_1_20' title="bbox 1707 1742 1742 1935; baseline 0 -39"><span class='ocrx_word' id='word_1_152' title='bbox 1707 1742 1742 1935; x_wconf 95' lang='lat' dir='ltr'>   </span> 
     </span>
     <span class='ocr_line' id='line_1_21' title="bbox 1683 1935 1742 2872; baseline 0 -847"><span class='ocrx_word' id='word_1_153' title='bbox 1683 1935 1742 2872; x_wconf 95' lang='lat' dir='ltr'>  </span> 
     </span>
    </p>
   </div>
   <div class='ocr_carea' id='block_1_4' title="bbox 244 1839 1731 2080">
    <p class='ocr_par' dir='ltr' id='par_1_6' title="bbox 244 1839 1731 2080">
     <span class='ocr_line' id='line_1_22' title="bbox 247 1839 1731 1904; baseline 0.002 -17"><span class='ocrx_word' id='word_1_154' title='bbox 247 1839 384 1898; x_wconf 84' lang='lat' dir='ltr'>Quid</span> <span class='ocrx_word' id='word_1_155' title='bbox 420 1857 539 1904; x_wconf 86' lang='lat' dir='ltr'>ergo</span> <span class='ocrx_word' id='word_1_156' title='bbox 574 1844 823 1889; x_wconf 88' lang='lat' dir='ltr'>interest?</span> <span class='ocrx_word' id='word_1_157' title='bbox 894 1843 995 1888; x_wconf 87' lang='lat' dir='ltr'>Hic</span> <span class='ocrx_word' id='word_1_158' title='bbox 1029 1847 1371 1888; x_wconf 86' lang='lat' dir='ltr'>commovetur</span> <span class='ocrx_word' id='word_1_159' title='bbox 1394 1841 1614 1904; x_wconf 89' lang='lat' dir='ltr'>quidem,</span> <span class='ocrx_word' id='word_1_160' title='bbox 1639 1858 1731 1891; x_wconf 47' lang='lat' dir='ltr'>no&lt;</span> 
     </span>
     <span class='ocr_line' id='line_1_23' title="bbox 244 1928 1725 1993; baseline 0.001 -18"><span class='ocrx_word' id='word_1_161' title='bbox 244 1935 415 1975; x_wconf 86' lang='lat' dir='ltr'>tamen</span> <span class='ocrx_word' id='word_1_162' title='bbox 463 1933 660 1987; x_wconf 84' lang='lat' dir='ltr'>transit,</span> <span class='ocrx_word' id='word_1_163' title='bbox 708 1930 797 1977; x_wconf 88' lang='lat' dir='ltr'>sed</span> <span class='ocrx_word' id='word_1_164' title='bbox 844 1946 933 1976; x_wconf 92' lang='lat' dir='ltr'>suo</span> <span class='ocrx_word' id='word_1_165' title='bbox 979 1929 1090 1976; x_wconf 85' lang='lat' dir='ltr'>loco</span> <span class='ocrx_word' id='word_1_166' title='bbox 1134 1935 1311 1985; x_wconf 88' lang='lat' dir='ltr'>nutat;</span> <span class='ocrx_word' id='word_1_167' title='bbox 1364 1928 1450 1975; x_wconf 92' lang='lat' dir='ltr'>ille</span> <span class='ocrx_word' id='word_1_168' title='bbox 1496 1945 1562 1976; x_wconf 87' lang='lat' dir='ltr'>ne</span> <span class='ocrx_word' id='word_1_169' title='bbox 1609 1945 1725 1993; x_wconf 51' lang='lat' dir='ltr'>com¹</span> 
     </span>
     <span class='ocr_line' id='line_1_24' title="bbox 244 2016 939 2080; baseline 0.001 -16"><span class='ocrx_word' id='word_1_170' title='bbox 244 2022 474 2064; x_wconf 88' lang='lat' dir='ltr'>movetur</span> <span class='ocrx_word' id='word_1_171' title='bbox 497 2017 714 2080; x_wconf 75' lang='lat' dir='ltr'>quidem,</span> <span class='ocrx_word' id='word_1_172' title='bbox 787 2016 939 2065; x_wconf 69' lang='lat' dir='ltr'><strong>VALE.</strong></span> 
     </span>
    </p>
   </div>
   <div class='ocr_carea' id='block_1_5' title="bbox 248 2605 346 2647">
    <p class='ocr_par' dir='ltr' id='par_1_7' title="bbox 248 2605 346 2647">
     <span class='ocr_line' id='line_1_25' title="bbox 248 2605 346 2647; baseline 0 0"><span class='ocrx_word' id='word_1_173' title='bbox 248 2605 346 2647; x_wconf 80' lang='lat'>244</span> 
     </span>
    </p>
   </div>
  </div>
 </body>
</html>
