1742 2872
466 127 613 174 THE
649 126 970 177 EPISTLES
1007 129 1098 178 OF
1133 129 1401 179 SENECA

114 292 147 299 ,ἴ
186 253 301 284 cum
326 237 462 284 idem
494 241 729 300 potuerit.
806 238 1102 297 Multorum,
1126 242 1243 302 quia
1277 239 1512 287 inbecilla
1547 248 1681 301 sunt,

186 328 350 376 latent
384 332 520 387 vitia,
553 346 653 376 non
689 333 853 376 minus
887 347 1081 389 ausura,
1118 347 1233 377 cum
1268 331 1365 378 illis
1399 335 1528 380 vires
1563 350 1680 381 suae

186 421 484 484 placuerint,
530 438 679 484 quam
727 422 830 480 illa,
876 438 1005 485 quae
1057 425 1156 469 iam
1209 422 1422 470 felicitas
1468 429 1678 487 aperuit.
1740 399 1742 402 Ι

135 514 166 561 4
189 514 532 561 Instrumenta
560 514 657 561 illis
687 514 1014 577 explicandae
1039 518 1295 578 nequitiae
1329 515 1527 563 desunt.
1601 518 1682 566 Sic
1710 584 1713 585 ⁷

184 613 298 654 tuto
345 623 550 670 serpens
597 611 751 654 etiam
798 606 1038 670 pestifera
1085 613 1346 665 tractatur,
1388 607 1510 654 dum
1550 612 1710 673 riget

183 698 400 762 frigore3
455 715 559 746 non
594 698 781 746 desunt
806 705 928 746 tunc
969 699 1042 745 illi
1084 716 1295 758 venena,
1330 700 1420 748 sed
1462 707 1679 764 torpent.
1740 743 1742 771 ἱ

187 791 462 838 Multorum
500 790 769 839 crudelitas
798 797 852 839 et
887 791 1096 838 ambitio
1131 797 1186 838 et
1220 791 1432 851 luxuria,
1455 799 1514 840 ut
1548 796 1684 856 paria
1728 804 1731 810 “

183 886 410 947 pessimis
450 883 653 942 audeat,
691 882 924 930 fortunae
964 882 1133 930 favore
1174 882 1417 932 deficitur.
1490 884 1681 933 Eadem
1740 943 1741 946 Ἰ

182 975 314 1023 velle
355 979 425 1022 sic
471 975 684 1022 subinde
732 975 1066 1039 cognoscesl:
1115 974 1180 1022 da
1226 992 1389 1038 posse,
1436 983 1683 1040 quantum

183 1067 372 1115 volunt.

132 1160 162 1206 5
268 1160 564 1218 Meministi,
601 1176 714 1206 cum
752 1158 1007 1223 quendam
1041 1157 1327 1206 adfirmares
1363 1175 1472 1208 esse
1507 1163 1560 1206 in
1594 1166 1685 1209 tua
1722 1145 1726 1177 ⁵·

181 1257 454 1315 potestate,
478 1251 662 1299 dixisse
686 1268 770 1299 me
806 1251 1076 1299 volaticum
1112 1268 1222 1299 esse
1254 1268 1312 1299 ac
1348 1252 1513 1300 levem
1539 1258 1592 1300 et
1626 1259 1683 1301 te
1730 1283 1733 1294 ·

178 1361 283 1403 non
307 1343 491 1407 pedem
510 1347 617 1391 eius
635 1349 828 1402 tenere,
847 1343 938 1391 sed
962 1360 1194 1407 pennam.
1270 1343 1519 1391 Mentitus
1536 1360 1644 1391 sum
1684 1375 1686 1378 -
1713 1375 1718 1388 1

183 1435 359 1483 Pluma
382 1435 669 1493 tenebatur,
692 1451 842 1499 quam
877 1438 1070 1482 remisit
1102 1441 1156 1482 et
1188 1434 1336 1498 fugit.
1410 1434 1532 1493 Scis,
1557 1451 1684 1499 quo·
1726 1451 1727 1456 ¹

180 1533 357 1591 postea
391 1527 485 1574 tibi
524 1525 811 1574 exhibuerit
848 1525 1010 1584 ludos,
1046 1542 1194 1590 quam
1238 1526 1398 1574 multa
1438 1530 1491 1573 in
1529 1543 1655 1590 capu
1671 1552 1682 1562 ι
1738 1535 1742 1579 i

179 1637 324 1669 suum
383 1637 555 1668 casura
612 1623 952 1683 temptaverit.
1042 1619 1156 1666 Non
1216 1619 1420 1667 videbat
1478 1635 1532 1667 se
1590 1635 1654 1683 pe

178 1717 389 1764 aliorum
441 1715 663 1780 pericula
707 1718 762 1762 in
813 1731 959 1762 suum
1006 1730 1165 1762 ruere.
1242 1714 1356 1761 Non
1408 1715 1681 1778 cogitabat,

178 1826 330 1874 quam
364 1824 573 1856 onerosa
608 1813 794 1865 essent,
827 1822 956 1870 quae
994 1805 1220 1869 petebat,
1245 1809 1398 1853 etiam
1433 1809 1473 1853 si
1509 1790 1694 1870 super-⁷
1740 1820 1742 1853 3

178 1917 334 1949 vacua
356 1917 460 1948 non
484 1906 668 1947 essent.

129 1993 157 2042 6
267 1994 381 2040 Hoc
426 1996 598 2056 itaque
645 1995 699 2038 in
745 1990 840 2049 his,
886 2006 1016 2054 quae
1062 1989 1392 2048 adfectamus,
1439 1989 1504 2037 ad
1550 2004 1679 2053 quae
1706 1964 1742 1991 ⁴

177 2086 347 2133 labore
383 2100 568 2148 magno
604 2082 974 2141 contendimus,
1010 2084 1257 2144 inspicere
1294 2081 1555 2139 debemus,
1591 2086 1711 2164 aut}

177 2178 305 2226 nihil
351 2181 405 2225 in
451 2177 550 2224 illis
596 2175 869 2224 commodi·
899 2190 1009 2222 esse
1055 2180 1145 2221 aut
1197 2174 1310 2237 plus
1356 2170 1690 2221 incommodi.ss
1704 2240 1708 2246 ¹

178 2270 440 2330 Quaedam
473 2284 778 2332 supervacua
806 2272 940 2324 sunt,
965 2265 1213 2329 quaedam
1251 2268 1381 2312 tanti
1410 2281 1512 2311 non
1544 2269 1682 2312 sunt.
1699 2263 1703 2329 ,¹

245 2421 260 2447 ¹
287 2421 349 2463 εἰσ
365 2419 544 2461 subinde
564 2431 783 2472 ooynoscea
801 2415 981 2481 Cappsz
1008 2415 1214 2458 subaudis
1239 2428 1459 2469 coqnowes
1484 2413 1612 2467 pr;
1639 2355 1695 2512 d

176 2476 254 2517 sub
281 2475 447 2516 auditis
475 2471 691 2527 coquo-wis
720 2471 788 2519 L;
815 2485 852 2512 ει
881 2470 1020 2512 avebis
1049 2483 1292 2524 coynoacere
1318 2468 1362 2511 J.
1398 2467 1614 2517 Mueller;

177 2531 300 2572 iuvat
319 2529 536 2575 audentis,
557 2539 776 2580 coquoscos
796 2524 1053 2567 Buecheler.

177 2602 276 2644 280
