1742 2872
500 90 646 136 THE
682 90 1002 139 EPISTLES
1039 92 1130 139 OF
1165 91 1429 139 SENECA

218 197 496 245 descendit.
570 197 773 245 Summa
799 206 996 246 tantum
1022 200 1360 262 decerpsimus
1391 207 1444 247 et
1477 203 1742 264 exiguumi

115 341 129 344 —
217 280 456 338 temporis
504 276 808 339 impendisse
856 276 1200 339 philosophiae
1245 281 1365 324 satis
1411 278 1679 341 abundequ
1706 289 1742 349 j

136 356 191 403 11
217 357 471 416 occupatis
507 353 617 400 fuit.
691 353 824 400 Illud
868 358 1134 416 praecipue
1176 355 1405 417 impedit,
1443 356 1577 419 quod
1614 359 1659 402 ci
1706 351 1742 411 *i

218 431 361 477 nobis
397 431 681 493 placemus3
734 435 774 478 si
810 435 1108 490 invenimus,
1144 435 1228 495 qui
1270 449 1360 479 nos
1396 433 1552 479 bonos
1587 436 1703 486 viro,
1735 423 1742 494 Ξ

218 507 370 565 dicat,
394 512 479 571 qui
505 508 797 570 prudentes,
823 512 906 571 qui
933 516 1147 566 sanctos,
1165 509 1528 572 adgnoscimus.
1602 511 1678 557 No
1738 515 1742 543 ¹

219 602 387 632 sumus
422 586 619 633 modica
654 586 943 634 laudatione
976 591 1234 643 contenti3
1271 588 1508 651 quicquid
1541 591 1591 634 in
1624 577 1742 667 ΠοΞΞΞ

217 663 439 710 adulatio
486 668 593 710 sine
642 664 831 726 pudore
879 668 1148 727 congessit,
1190 671 1445 728 tamquam
1486 667 1727 733 debitum}-

217 741 521 804 prendimus.
596 741 828 804 Optimos
863 758 953 789 nos
991 759 1116 800 esse,
1145 747 1534 805 sapientissimos
1569 744 1693 791 adfir
1725 731 1731 738 Ξ

218 820 470 866 mantibus
494 820 820 878 adsentimur,
845 836 959 866 cum
988 824 1199 868 sciamus
1232 821 1342 868 illos
1374 838 1524 884 saepe
1555 822 1661 869 mul
1702 832 1707 834 '

216 885 433 943 mentiri.
530 897 776 960 Adeoque
828 898 1149 961 indulgemus
1206 900 1364 957 nobis,
1413 906 1471 946 ut
1524 899 1672 946 lauda
1708 960 1711 961 ⁷

217 975 427 1022 velimus
467 978 521 1021 in
561 974 630 1033 id,
669 979 748 1021 cui
790 979 1036 1022 contraria
1077 993 1191 1023 cum
1232 981 1448 1024 maxime
1489 976 1670 1024 facimu

219 1053 542 1099 Mitissimum
566 1051 652 1098 ille
677 1068 730 1099 se
755 1056 806 1098 in
832 1055 950 1115 ipsis
984 1053 1238 1116 suppliciis
1263 1054 1421 1112 audit,
1446 1058 1499 1101 in
1531 1058 1685 1117 rapin'

217 1129 632 1188 liberalissimum,
668 1130 753 1176 inl
793 1130 1119 1178 ebrietatibus
1162 1148 1218 1178 ac
1261 1132 1551 1179 libidinibus
1586 1138 1692 1180 tem

216 1210 635 1270 perantissimum.
732 1206 972 1270 Sequitur
1026 1211 1215 1271 itaque,
1264 1216 1320 1256 ut
1367 1209 1481 1256 ideo
1532 1215 1671 1257 muta
1716 1271 1722 1276 .

215 1286 446 1344 nolimus,
472 1289 587 1348 quia
611 1301 702 1332 nos
726 1290 942 1348 optimos
968 1302 1076 1333 esse
1103 1286 1363 1334 credimus.

133 1369 193 1415 12
299 1363 589 1410 Alexander
620 1380 733 1410 cum
769 1367 945 1410 iamin
976 1364 1120 1410 India
1152 1371 1415 1427 vagaretur
1448 1372 1502 1412 et
1534 1350 1742 1438 gentes]

215 1458 279 1488 ne
327 1441 551 1488 finitimis
599 1441 803 1504 quidem
852 1444 971 1488 satis
1018 1448 1163 1489 notas
1211 1442 1345 1489 bello
1393 1449 1626 1501 vastaret,
1660 1446 1742 1490 in'

1739 1513 1742 1608 1

214 1519 474 1566 obsidione
515 1518 773 1565 cuiusdam
811 1520 961 1577 urbis,
998 1520 1154 1566 dum2
1190 1524 1418 1568 circumit
1458 1538 1624 1568 muros
1661 1525 1713 1569 et

214 1597 588 1644 inbecillissima
634 1599 891 1643 moenium
950 1601 1162 1660 quaerit,
1198 1601 1383 1660 sagitta
1440 1601 1570 1645 ictus
1627 1598 1721 1646 diu2

214 1675 480 1738 persedere
523 1681 577 1722 et
617 1677 821 1737 incepta
867 1691 1018 1738 agere
1067 1679 1415 1738 perseveravit.
1514 1656 1736 1744 Deinde-gl

216 1770 330 1800 cum
354 1769 580 1815 represso
603 1755 849 1815 sanguine
886 1756 1002 1799 sicci
1042 1753 1258 1800 vulneris
1292 1753 1434 1800 dolor
1466 1747 1736 1818 cresceret&

215 1838 269 1878 et
328 1847 438 1878 crus
496 1847 793 1892 suspensum
852 1847 981 1893 equo
1046 1832 1287 1894 paulatim
1360 1819 1737 1896 optorpuisset']

216 1916 417 1956 coactus
453 1912 694 1971 apsistere
728 1907 1015 1966 “Omnes,''
1044 1912 1224 1973 inquit,
1249 1913 1463 1956 “iurant
1489 1926 1598 1957 esse
1630 1927 1679 1956 m

218 1988 347 2034 Iovis
394 1987 567 2044 filium,
615 1985 703 2032 sed
756 1985 936 2033 vulnus
996 1986 1089 2033 hoc
1147 1986 1404 2034 hominem
1463 2004 1571 2035 esse
1629 1981 1733 2050 mJ

134 2072 192 2118 13
215 2064 444 2112 clamat.'’
519 2063 663 2110 Idem
710 2080 800 2110 nos
847 2063 1099 2111 faciamus.
1175 2063 1268 2111 Pro
1321 2081 1408 2111 sua
1459 2081 1735 2132 quemqu.

520 2161 533 2185 1
564 2165 604 2201 et
621 2161 671 2201 in
691 2158 820 2201 MSS.
842 2176 854 2207 ;
884 2165 923 2201 et
943 2159 1121 2201 deleted
1141 2160 1200 2213 by
1223 2160 1408 2201 Mentel.

414 2215 433 2240 2
460 2216 564 2256 dum
583 2214 730 2255 added
751 2215 812 2268 by
834 2213 900 2262 P2,
922 2214 1112 2255 omitted
1131 2214 1194 2268 by
1213 2215 1342 2255 other
1363 2213 1492 2257 MSS.

278 2330 299 2349 ‘⁸
327 2321 507 2364 Several
528 2321 693 2362 similar
713 2323 871 2362 stoi-ies
891 2334 967 2361 are
987 2321 1155 2362 related
1175 2322 1315 2363 about
1334 2322 1605 2370 Alexander,
1627 2328 1715 2378 32⁹⁴?

214 2376 440 2422 Plutarch,
471 2375 684 2422 Μοναίἱα,
719 2378 795 2414 180
815 2387 858 2422 Ε,
888 2374 1036 2416 where
1066 2375 1123 2416 he
1152 2389 1257 2428 says
1290 2380 1338 2417 to
1369 2377 1436 2418 his
1470 2377 1713 2426 flatterersgs

213 2433 417 2484 pointing
439 2433 487 2471 to
506 2443 534 2469 a
553 2428 716 2469 wound
734 2428 831 2481 just
853 2428 1083 2470 received:
1116 2436 1145 2453 ‘⁴
1161 2429 1260 2474 See,
1283 2430 1372 2471 this
1398 2432 1434 2471 is
1459 2431 1608 2477 blood.
1631 2434 1709 2477 not

214 2485 335 2526 ichor
352 2488 361 2526 !
379 2485 402 2499 ”

215 2549 314 2599 416
1693 2579 1717 2631 2²}

1688 2633 1715 2872 i
