1742 2872
487 163 630 211 THE
666 163 987 235 EPISTLES
1023 164 1114 211 OF
1149 163 1414 211 SENECA

202 274 382 317 tertius
408 271 541 317 color
566 278 656 318 est.
728 270 781 318 Si
813 274 1007 334 quaeris
1031 271 1178 318 huius
1202 287 1401 334 quoque
1427 270 1695 333 exemplar,
1740 302 1742 339 i

137 365 161 371 ·-
206 344 574 391 Hermarchum
589 349 660 391 ait
679 345 922 407 Epicurus
939 345 1096 392 talem
1115 344 1279 391 fuisse.
1355 344 1532 407 Itaque
1551 345 1694 391 alteri
1740 351 1742 357 '

203 421 361 480 magis
396 419 692 481 gratulatur,
727 419 942 465 alterum
982 422 1141 481 magis
1181 421 1416 481 suspicit3
1474 422 1697 480 quamvis

206 495 342 538 enim
383 492 447 538 ad
489 493 708 540 eundem
747 492 898 539 finem
941 499 1152 555 uterque
1188 495 1490 554 pervenerit,
1526 499 1697 538 tamen

204 568 360 611 maior
384 572 462 612 est
486 566 592 612 laus
617 566 754 613 idem
778 566 1000 613 effecisse
1026 569 1077 612 in
1101 565 1374 612 difficiliore
1400 569 1618 612 materia.
1738 612 1742 619 ,.

153 648 182 694 5
293 639 419 686 Puta
444 643 579 686 enim
603 640 704 687 duo
728 640 952 686 aedificia
972 643 1190 686 excitata
1208 655 1334 696 esse,
1354 640 1416 685 ab
1441 642 1540 685 imo
1557 639 1572 668 1
1599 638 1697 686 dis-

205 716 358 775 paria,
373 729 533 776 aeque
550 714 747 761 excelsa
765 720 919 776 atque
933 713 1209 776 magnifica.
1272 713 1505 760 Alterum
1525 729 1696 775 puram
1740 703 1742 705 ¹

204 803 371 834 aream
404 791 629 850 accepit;
671 787 775 833 illic
810 790 1036 850 protinus
1070 802 1193 850 opus
1223 790 1391 834 crevit.
1467 786 1697 833 Alterum

205 859 536 908 fundamenta
560 861 807 908 lassarunt
829 864 882 907 in
907 860 1112 907 mollem
1146 867 1200 908 et
1231 859 1464 907 fluvidam
1490 860 1698 906 humum

204 937 352 981 missa
392 934 710 998 multumque
745 934 924 981 laboris
961 934 1261 982 exhaustum
1303 940 1396 992 est,
1431 933 1552 980 dum
1588 950 1698 996 per-

204 1011 405 1055 venitur
435 1009 499 1055 ad
528 1008 755 1055 solidum.
832 1007 1060 1055 Intuenti
1092 1007 1273 1054 ambo2
1305 1007 1543 1071 quicquid
1578 1007 1699 1054 fecit

204 1082 333 1129 alter
356 1085 408 1128 in
439 1089 615 1144 aperto
645 1089 738 1140 est,
762 1082 967 1129 alterius
983 1081 1002 1112 3
1025 1098 1208 1144 magna
1231 1098 1343 1144 pars
1376 1087 1430 1128 et
1457 1080 1700 1128 difficilior
1739 1133 1742 1141 -

155 1154 183 1200 6
205 1155 344 1203 latet.
431 1156 694 1214 Quaedam
730 1159 933 1219 ingenia
967 1155 1146 1213 facilia,
1176 1155 1428 1217 expedita,
1453 1155 1700 1218 quaedam
1733 1212 1742 1220 ⁴

204 1246 372 1288 manu,
404 1229 540 1293 quod
571 1233 730 1288 aiunt,
764 1229 993 1276 facienda
1028 1236 1146 1276 sunt
1182 1235 1236 1276 et
1271 1232 1324 1274 in
1358 1227 1700 1275 fundamentis
1723 1222 1742 1267 ³⁵

204 1307 304 1350 suis
336 1310 591 1366 occupata.
667 1302 1019 1366 Itaqueillum
1047 1319 1142 1366 ego
1171 1301 1446 1349 feliciorem
1471 1302 1699 1360 dixerim,
1722 1252 1742 1417 i

204 1380 290 1440 qui
314 1377 440 1424 nihil
472 1380 664 1440 negotii
697 1393 866 1424 secum
898 1376 1093 1434 habuit,
1126 1376 1260 1423 hunc
1292 1375 1498 1439 quidem
1521 1375 1700 1423 melius
1721 1366 1731 1394 ⁷

204 1450 269 1498 de
305 1466 359 1498 se
393 1454 650 1507 meruisse,
675 1453 760 1514 qui
793 1450 1161 1513 malignitatem
1189 1455 1397 1496 naturae
1429 1465 1548 1496 suae
1580 1453 1700 1497 vicit
1735 1420 1740 1522 J

205 1531 259 1571 et
282 1524 346 1571 ad
370 1528 668 1587 sapientiam
692 1541 745 1572 se
771 1541 872 1571 non
897 1523 1149 1586 perduxit,
1174 1523 1263 1570 sed
1288 1526 1516 1570 extraxit.
1730 1535 1742 1591 4⁴*

155 1598 181 1645 7
293 1598 406 1644 Hoc
431 1598 609 1645 durum
635 1615 691 1645 ac
724 1598 1019 1645 laboriosum
1054 1600 1315 1660 ingenium
1348 1598 1491 1643 nobis
1523 1597 1699 1645 datum
1734 1615 1735 1646 3

205 1675 330 1720 scias
354 1671 486 1719 licet.
564 1672 699 1719 Imus
731 1688 821 1734 per
845 1672 1108 1718 obstantia.
1185 1670 1362 1734 Itaque
1399 1686 1697 1733 pugnemus,

206 1745 485 1809 aliquorum
533 1749 819 1793 invocemus
866 1745 1118 1791 auxilium.
1210 1744 1472 1803 “Quem,”
1518 1747 1717 1806 inquis„

206 1824 238 1846 “
253 1820 529 1866 invocabo?
602 1820 756 1866 Hunc
780 1825 868 1866 aut
892 1818 1034 1865 illum
1049 1820 1068 1848 4
1084 1819 1102 1864 ?
1120 1818 1145 1834 ’'
1219 1818 1294 1864 Tu
1316 1834 1432 1864 vero
1457 1821 1611 1864 etiam
1633 1817 1698 1863 ad

209 1897 393 1956 priores
429 1900 697 1951 revertere,
722 1897 808 1956 qui
846 1899 1055 1948 vacant3
1096 1892 1329 1939 adiuvare
1366 1907 1454 1938 nos
1490 1897 1699 1954 possunt

276 1998 290 2024 ¹
319 1998 372 2039 ab
393 1999 478 2039 imo
501 1997 773 2045 Buecheler;
803 1997 925 2038 ambo
948 1995 1078 2038 MSS.

273 2051 292 2078 ²
317 2053 505 2093 intuenti
523 2052 646 2093 ambo
669 2051 940 2099 Buecheler;
969 2050 1184 2092 inveniebo
1206 2049 1326 2091 LPb.

274 2106 419 2203 ³Sfecit
438 2106 550 2147 alter
568 2106 616 2146 in
635 2110 785 2159 aperto
806 2111 879 2152 est,
902 2105 1082 2146 alterius
1103 2103 1259 2145 Hense
1279 2102 1409 2158 (alter
1428 2105 1472 2144 in
1494 2103 1570 2145 the
1591 2103 1702 2146 later

211 2159 292 2203 MS
330 2162 373 2212 );
393 2160 502 2214 fecit
522 2160 702 2200 alterius
722 2158 841 2200 LPb.
1692 2154 1701 2178 ²

269 2215 291 2247 -4
322 2214 341 2255 1
381 2213 495 2255 have
534 2213 742 2254 included
779 2213 891 2254 hunc
928 2217 1005 2253 auc
1041 2213 1167 2254 illum
1211 2213 1257 2252 in
1296 2212 1373 2253 the
1411 2213 1616 2265 question
1654 2210 1719 2255 of,

211 2268 419 2310 Lucilius.
482 2267 638 2308 Hense
656 2269 782 2320 gives
803 2270 848 2308 to
869 2266 1053 2308 Seneca.

273 2404 295 2423 ⁸²
321 2396 410 2443 i.e.‚
431 2395 532 2436 that
551 2395 602 2435 of
619 2393 916 2441 Metrodorus,
939 2393 1038 2434 who
1059 2393 1148 2434 had
1167 2393 1245 2434 the
1266 2392 1450 2445 happier
1469 2396 1638 2435 nature.
1714 2406 1715 2426 1

275 2451 292 2476 ὃ
319 2450 407 2513 2203,
439 2463 466 2512 a
496 2450 842 2502 representative
872 2447 922 2488 of
947 2447 1036 2488 this
1065 2447 1218 2488 school
1246 2460 1296 2488 or
1322 2447 1434 2488 that.
1494 2445 1715 2527 Senecas(
1739 2487 1742 2489 .

209 2504 496 2599 {equi{n;ss,”1n
527 2503 675 2550 effect,
713 2508 742 2526 ‘⁴
761 2501 896 2555 Upon
930 2515 987 2542 no
1021 2505 1202 2555 present
1235 2500 1416 2549 school;
1459 2514 1518 2554 go
1550 2504 1598 2542 to
1624 2501 1713 2572 ὼε,

215 2622 310 2672 346
