1742 2872
479 127 626 176 THE
663 126 982 176 EPISTLES
1019 127 1109 176 OF
1144 127 1411 176 SENECA

142 295 166 300 -ἃ
202 236 378 296 Lucili,
426 237 674 284 exultabis
730 237 968 299 dipondio
1024 243 1160 283 satur
1206 243 1259 284 et
1305 237 1573 299 intelleges
1626 235 1690 283 ad

200 319 521 362 securitatem
554 330 657 361 non
689 331 812 377 opus
845 331 952 360 esse
978 314 1207 370 fortuna3
1260 314 1356 361 hoc
1382 318 1533 371 enim,
1557 315 1688 377 quod

199 397 489 440 necessitati
515 399 591 439 sat
616 398 709 450 est,
735 392 823 438 dat
849 399 902 438 et
919 393 933 421 1
960 395 1097 439 irata.

149 485 178 531 3
285 471 400 516 Non
456 476 533 517 est
587 476 759 516 tamen
814 486 966 532 quare
1014 475 1070 515 tu
1118 469 1334 515 multum
1388 471 1481 515 tibi
1527 470 1691 516 facere

199 549 422 594 videaris.
516 548 687 593 Facies
722 550 873 605 enim,
899 547 1033 609 quod
1065 547 1224 593 multa
1255 547 1392 593 milia
1424 564 1691 606 servorum,

198 626 358 673 multa
375 625 512 671 milia
531 641 806 687 pauperum
826 623 1016 670 faciunt
1034 641 1045 680 3
1082 624 1168 670 illo
1187 628 1390 671 nomine
1410 631 1461 671 te
1482 629 1692 687 suspice,

199 703 333 766 quod
352 703 504 750 facies
523 719 624 748 non
645 709 862 760 coactus,
882 702 1016 764 quod
1039 708 1145 748 tam
1165 702 1311 748 facile
1331 705 1427 749 erit
1450 703 1543 749 tibi
1568 703 1693 749 illud

198 783 303 842 pati
337 796 536 842 semper
559 796 709 842 quam
741 778 1009 841 aliquando
1042 782 1268 841 experiri.
1360 779 1695 825 Exerceamur

197 858 262 904 ad
285 857 467 920 palum.
541 857 609 902 Et
632 873 698 903 ne
721 859 973 918 inparatos
998 855 1200 902 fortuna
1223 856 1589 918 deprehendat,
1608 857 1695 903 fiat

197 936 340 982 nobis
373 940 641 997 paupertas
671 933 939 980 familiaris.
1032 932 1263 980 Securius
1289 933 1469 980 divites
1495 937 1689 991 erimus,

197 1016 237 1059 si
262 1014 533 1068 scierimus,
557 1027 705 1073 quam
731 1027 832 1056 non
858 1013 923 1056 sit
946 1026 1096 1073 grave
1121 1027 1365 1072 pauperes
1391 1026 1511 1057 esse.

147 1104 175 1151 9
283 1089 456 1136 Certos
519 1088 740 1135 habebat
798 1088 906 1134 dies
964 1088 1051 1134 ille
1117 1092 1357 1150 magister
1423 1088 1693 1151 voluptatis

198 1167 458 1229 Epicurus,
479 1166 658 1229 quibus
677 1165 898 1227 maligne
918 1164 1102 1211 famem
1129 1169 1466 1228 extingueret,
1486 1170 1693 1224 visurus,

196 1262 262 1290 an
285 1244 475 1307 aliquid
499 1243 701 1290 deesset
720 1259 782 1289 ex
802 1242 951 1305 plena
978 1249 1031 1289 et
1055 1249 1398 1289 consummata
1419 1243 1693 1306 voluptate,

196 1322 547 1384 vel'quantum
579 1321 782 1368 deesset
807 1326 861 1367 et
884 1337 949 1366 an
974 1320 1184 1382 dignum
1209 1321 1343 1383 quod
1369 1324 1479 1383 quis
1510 1338 1693 1384 magno

195 1399 364 1446 labore
390 1404 636 1461 pensaret.
726 1398 841 1443 Hoc
866 1403 1003 1444 certe
1029 1401 1081 1443 in
1106 1397 1183 1444 his
1209 1398 1436 1460 epistulis
1461 1402 1547 1456 ait,
1572 1416 1693 1462 quas

196 1481 392 1540 scripsit
448 1476 662 1523 Charino
722 1479 1019 1538 magistratu
1075 1475 1139 1522 ad
1202 1475 1518 1539 Polyaenum.
1627 1478 1694 1523 Et

196 1555 403 1618 quidem
421 1554 663 1617 gloriatur
682 1570 784 1598 non
803 1558 912 1599 toto
932 1568 1040 1598 asse
1060 1552 1142 1599 se2
1161 1557 1313 1615 pasci,
1331 1553 1692 1612 Metrodorum,
1740 1572 1742 1616 j

114 1655 174 1703 10
197 1636 282 1695 qui
306 1632 531 1678 nondum
556 1637 754 1677 tantum
781 1629 1067 1692 profecerit,
1086 1636 1208 1677 toto.
1284 1630 1345 1676 In
1368 1630 1462 1677 hoc
1482 1637 1539 1678 tu
1558 1635 1692 1678 victu

196 1713 511 1756 saturitatem
536 1714 683 1770 putas
708 1723 817 1754 esse
837 1709 855 1753 ?
925 1707 992 1753 Et
1017 1707 1247 1769 voluptas
1272 1714 1362 1754 est.
1450 1708 1692 1771 Voluptas

195 1794 367 1834 autem
397 1803 500 1833 non
532 1786 618 1831 illa
650 1785 774 1831 levis
810 1791 863 1831 et
889 1784 1042 1847 fugax
1075 1791 1128 1831 et
1158 1785 1372 1832 subinde
1407 1786 1692 1845 reficienda,

196 1865 286 1911 sed
310 1864 500 1911 stabilis
526 1869 579 1910 et
603 1869 752 1909 certa.
829 1863 943 1908 Non
968 1865 1102 1908 enim
1126 1862 1343 1909 iucunda
1367 1879 1445 1909 res
1465 1870 1542 1910 est
1566 1880 1694 1926 aqua

197 1948 250 1989 et
275 1942 480 2004 polenta
515 1947 603 1987 aut
638 1940 854 1986 frustum
891 1939 1157 1986 hordeacei
1193 1943 1351 2002 panis,
1377 1940 1466 1987 sed
1502 1957 1694 1988 summa

495 2060 511 2085 ¹
540 2060 616 2100 dac
636 2063 674 2099 et
695 2057 1091 2110 Schweigh'ausen
1121 2058 1236 2099 debet
1257 2057 1387 2100 MSS.

654 2111 673 2137 2
698 2125 740 2153 se
759 2111 908 2152 added
928 2112 987 2164 by
1011 2111 1227 2152 Muretus.

264 2259 284 2277 α
312 2250 407 2290 The
435 2254 539 2303 post
557 2249 702 2290 which
722 2249 964 2302 gladiators
994 2249 1107 2290 used
1134 2249 1262 2289 when
1291 2252 1531 2303 preparing
1548 2250 1694 2292 them-

198 2304 341 2346 selves
361 2304 430 2344 for
449 2304 653 2345 combats
674 2305 718 2343 in
738 2303 816 2344 the
836 2317 982 2344 arena.

265 2360 280 2383 '³
310 2358 513 2410 Usually,
538 2357 769 2398 identified
805 2357 911 2398 with
959 2356 1236 2404 Chaerimus‚
1276 2359 1400 2397 308-7
1440 2371 1522 2399 B.C.
1602 2358 1692 2399 But

198 2411 424 2459 Wilhelm,
477 2412 611 2453 Oster.
635 2411 917 2465 Jahreshefte‚
946 2410 1004 2451 V.
1032 2413 1124 2457 136,
1153 2411 1234 2451 has
1262 2410 1411 2451 shown
1441 2411 1541 2451 that
1566 2411 1692 2453 there

198 2465 474 2560 isselec'ffablx
494 2465 805 2560 ῃὲ9οὲῐὸιξυείοη
822 2465 873 2560 oJf
889 2477 1056 2558 {ames
1081 2464 1159 2559 CZA
1176 2464 1394 2559 Chssllll‘lus'
1415 2478 1505 2505 was
1525 2465 1690 2559 {Ezhon

199 2534 226 2560 a
365 2533 443 2560 ens
464 2534 507 2560 m
611 2543 629 2548 —
699 2535 710 2567 ;
740 2532 815 2560 see
865 2532 891 2559 o
926 2532 1054 2563 nson‚
1133 2532 1213 2560 a33.
1312 2534 1325 2559 ι
1347 2551 1354 2560 .
1380 2532 1436 2560 lx,
1462 2532 1504 2572 p.
1530 2528 1542 2543 ⁰
1611 2551 1621 2561 .

205 2591 298 2631 120
