1742 2872
502 149 648 197 THE
685 150 1005 198 EPISTLES
1042 150 1131 198 OF
1168 148 1434 197 SENECA

165 308 188 313 ,μ
223 276 280 307 ac
305 263 571 323 peregrina
595 263 934 322 portantium3
977 259 1100 306 deus
1137 259 1223 305 ille
1258 261 1503 304 maximus
1539 265 1717 320 poten-

145 536 200 583 ll

200 1912 220 1960 1

224 331 543 390 tissimusque
578 331 685 390 ipse
721 327 862 373 vehit
897 330 1077 373 omnia.
1152 326 1230 371 Ne
1254 325 1414 371 forma
1437 325 1640 388 quidem
1666 331 1719 372 et

224 398 352 441 vires
388 395 594 442 beatum
619 401 671 441 te
696 393 861 440 facere
886 399 1124 456 possunt3
1160 392 1287 439 nihil
1320 392 1498 439 horum
1529 395 1720 454 patitur

226 467 548 508 vetustatem.

310 527 668 586 Quaerendum
694 534 787 585 est,
813 527 947 590 quod
972 543 1072 573 non
1097 527 1183 574 fiat
1206 529 1259 572 in
1289 527 1396 572 dies
1421 529 1544 583 eius,
1568 529 1685 588 quoi
1700 525 1718 555 ¹

225 610 327 640 non
359 598 516 657 possit
539 595 737 642 obstari.
809 594 946 652 Quid
982 594 1076 640 hoc
1103 595 1214 640 est?
1273 593 1501 650 Animus,
1526 592 1615 639 sed
1639 591 1721 638 hic

226 667 409 719 rectus,
434 663 610 719 bonus,
636 678 859 723 magnus.
933 660 1069 718 Quid
1093 660 1230 707 aliud
1249 677 1394 707 voces
1412 659 1547 712 hunc
1571 675 1720 721 quam

226 727 379 774 deum
413 731 467 775 in
491 745 696 791 corpore
720 728 940 775 humano
966 728 1342 790 hospitantem?
1401 727 1502 772 Hic
1527 730 1721 773 animus

226 801 331 841 tam
355 798 407 841 in
433 799 657 858 equitem
685 795 963 842 Romanum
987 812 1137 858 quam
1161 798 1213 840 in
1238 795 1545 850 libertinum,
1571 809 1720 856 quam

226 865 279 908 in
326 877 522 909 servum
569 869 738 924 potest
785 862 977 909 cadere.
1073 862 1210 919 Quid
1259 867 1337 908 est
1384 864 1519 907 enim
1567 876 1721 923 eques

230 929 480 976 Romanus
504 936 591 975 aut
615 929 878 976 libertinus
902 935 990 976 aut
1014 930 1217 976 servus?
1289 929 1504 974 Nomina
1529 943 1591 974 ex
1618 943 1722 972 am-

229 995 420 1042 bitione
455 1002 544 1043 aut
576 1013 638 1043 ex
662 1000 841 1042 iniuria
863 1002 995 1043 nata.
1069 995 1309 1042 Subsilire
1344 999 1398 1041 in
1429 994 1622 1041 caelum
1659 1009 1722 1040 ex

226 1063 412 1126 angulo
436 1063 568 1110 licet.
642 1064 843 1127 Exurge
866 1063 1017 1110 modo

834 1173 881 1211 et
898 1173 944 1211 te
964 1182 1140 1223 quoque
1160 1168 1346 1221 dignum

684 1233 824 1287 Finge
844 1234 942 1278 de0.

227 1330 411 1393 Finges
429 1336 599 1378 autem
618 1348 718 1377 non
735 1348 854 1378 auro
869 1332 948 1378 vel
972 1337 1182 1394 argento
1202 1347 1212 1386 ;
1248 1347 1348 1377 non
1368 1335 1536 1392 potest
1551 1346 1612 1376 ex
1628 1328 1722 1376 hac

224 1401 435 1444 materia
457 1401 622 1460 imago
647 1398 742 1445 deo
768 1402 978 1461 exprimi
1010 1398 1212 1452 similis;
1255 1401 1421 1461 cogita
1455 1397 1582 1455 illos,
1607 1413 1720 1443 cum

226 1467 429 1527 propitii
455 1471 641 1524 essent,
666 1465 845 1512 fictiles
870 1465 1035 1512 fuisse.
1108 1465 1259 1511 VALE.

829 1652 1046 1703 XXXII.

567 1781 760 1828 SENECA
800 1782 999 1829 chxmo
1035 1800 1119 1830 svo
1155 1801 1372 1831 SALVTEM

312 1909 516 1974 Inquiro
540 1909 604 1956 de
633 1916 685 1956 te
712 1916 766 1956 et
796 1911 860 1956 ab
891 1912 1120 1959 omnibus
1153 1916 1389 1971 sciscitor,
1415 1916 1499 1976 qui
1533 1930 1593 1961 ex
1623 1917 1740 1962 ista:

226 1981 430 2039 regione
455 1979 682 2033 veniunt,
708 1977 830 2040 quid
853 1994 987 2040 agas,
1011 1979 1098 2025 ubi
1124 1985 1177 2026 et
1209 1996 1321 2026 cum
1354 1981 1533 2043 quibus
1556 1998 1717 2028 more-

224 2048 300 2091 ris.
376 2044 540 2090 Verba
572 2044 690 2090 dare
726 2061 828 2090 non
863 2051 1036 2106 potes3
1071 2052 1242 2093 tecum
1277 2063 1399 2094 sum.
1472 2047 1553 2094 Sic
1588 2052 1718 2106 vive,

222 2118 480 2173 tamquam
515 2110 636 2173 quid
671 2109 821 2157 facias
845 2111 1105 2171 auditurus
1141 2117 1249 2171 sim,
1273 2117 1425 2160 immo
1460 2121 1717 2177 tamquam

222 2181 424 2225 visurus.
500 2176 710 2235 Quaeris
735 2178 857 2240 quid
888 2195 969 2226 me
994 2183 1208 2227 maxime
1234 2197 1295 2228 ex
1320 2185 1395 2239 iis,
1419 2198 1547 2245 quae
1572 2182 1636 2229 de
1661 2188 1717 2230 te

523 2283 537 2308 ¹
566 2284 667 2338 quoi
685 2284 980 2338 Opsopoeus;
1010 2300 1091 2340 quo
1111 2286 1238 2339 pr;
1267 2288 1342 2341 qui
1361 2288 1411 2329 L.

289 2376 309 2395 ‘⁴
339 2368 425 2409 For
444 2368 662 2421 example,
684 2369 811 2409 Time
830 2383 879 2409 or
899 2369 1092 2412 Chance.

288 2423 306 2449 ⁶
333 2421 506 2474 Vergil,
527 2422 714 2469 Aeneid,
735 2424 823 2464 viii.
848 2426 929 2463 364
947 2424 979 2464 f.
1722 2466 1723 2471 ,

289 2483 305 2502 ⁰
334 2475 386 2515 In
400 2475 477 2516 the
489 2475 666 2518 Golden
682 2475 798 2529 Age,
816 2476 1048 2518 described
1061 2479 1106 2518 in
1123 2478 1210 2532 Ep.
1228 2492 1317 2525 xc.‚
1336 2479 1463 2520 when
1480 2493 1582 2521 men
1600 2492 1723 2522 were

222 2533 399 2570 nearest
416 2532 465 2570 to
485 2533 643 2571 nature
661 2530 753 2572 and
775 2535 805 2554 ‘⁴
819 2530 941 2572 fresh
963 2532 1078 2573 from
1098 2532 1176 2573 the
1193 2533 1354 2586 gods.”

223 2600 317 2643 228
