1742 2872
450 162 598 211 THE
633 163 954 212 EPISTLES
993 163 1083 211 OF
1117 163 1381 211 SENECA

151 277 540 337 =constringunt,
574 277 676 321 sive
712 275 901 321 arbiter
934 274 1058 321 deus
1095 277 1311 320 universi
1349 280 1532 320 cuncta
1566 274 1666 321 dis-

170 360 352 418 posuit,
390 360 492 402 sive
529 371 670 402 casus
705 372 784 402 res
820 355 1063 402 humanas
1104 357 1213 401 sine
1254 354 1430 401 ordine
1466 354 1667 417 inpellit

170 444 224 484 et
263 441 433 494 iactat,
475 437 793 499 philosophia
833 454 924 484 nos
965 441 1096 484 tueri
1145 437 1314 483 debet.
1391 437 1534 482 Haec
1581 436 1667 482 ad-

171 517 467 577 hortabitur,
509 525 568 566 ut
609 519 706 566 deo
747 519 968 565 libenter
1008 535 1285 581 pareamus,
1333 524 1392 564 ut
1437 517 1668 564 fortunae

170 604 565 656 contumaciter3
601 600 725 647 haec
758 601 978 658 docebit,
1004 607 1061 646 ut
1094 601 1247 647 deum
1279 602 1515 663 sequaris,
1540 598 1670 645 feras

121 682 149 729 6
171 697 353 730 casum.
427 681 529 728 Sed
564 698 667 728 non
710 689 789 729 est
829 699 965 728 nunc
1007 685 1060 728 in
1102 682 1232 728 hanc
1274 681 1670 743 disputationem
1737 689 1742 721 1

170 758 551 821 transeundum,
576 762 698 826 quid
730 765 798 810 'sit
833 766 951 810 iuris
987 767 1162 820 nostri,
1191 766 1231 810 si
1269 763 1584 825 providentia
1618 765 1671 807 in

1731 266 1742 292 4

171 847 382 906 imperio
424 850 518 902 est,
555 850 644 890 aut
669 846 710 890 si
751 843 970 891 fatorum
1018 849 1170 891 series
1216 844 1453 907 inligatos
1500 843 1672 900 trahit,

171 931 260 972 aut
301 929 342 972 si
382 929 649 988 repentina
690 941 749 972 ac
795 927 961 972 subita
1002 926 1353 983 dominantur3
1412 925 1498 972 illo
1538 942 1673 972 nunc

172 1013 412 1066 revertor,
459 1013 517 1054 ut
563 1013 617 1053 te
665 1023 896 1054 moneam
949 1014 1004 1055 et
1050 1007 1302 1066 exhorter,
1349 1023 1414 1054 ne
1472 1010 1674 1070 patiaris

172 1092 405 1151 inpetum
445 1092 598 1135 animi
639 1092 716 1135 tui
753 1089 921 1135 delabi
959 1095 1012 1136 et
1046 1089 1385 1152 refrigescere.
1460 1088 1674 1136 Contine

173 1170 318 1216 illum
358 1176 413 1218 et
451 1174 720 1229 constitue,
756 1176 814 1218 ut
855 1170 1056 1218 habitus
1097 1173 1250 1218 animi
1288 1170 1390 1228 fiat,
1426 1170 1562 1234 quod
1597 1176 1675 1217 est

174 1256 391 1315 inpetus.

125 1331 154 1381 7
264 1334 367 1379 Iam
401 1334 465 1380 ab
488 1337 650 1391 initio,
676 1337 717 1381 si
749 1339 803 1381 te
833 1335 964 1381 bene
988 1337 1120 1391 novi,
1147 1337 1529 1397 circumspicies,
1555 1332 1676 1396 quid

178 1413 303 1461 haec
351 1415 567 1477 epistula
614 1415 898 1462 munusculi
944 1415 1189 1462 attulerit.
1280 1416 1476 1462 Excute
1523 1414 1678 1471 illam,

179 1502 233 1544 et
255 1500 496 1543 invenies.
572 1496 687 1542 Non
720 1502 798 1543 est
829 1497 965 1560 quod
999 1500 1190 1545 mireris
1221 1501 1444 1544 animum
1476 1512 1677 1552 meum3

178 1577 344 1625 adhuc
369 1578 433 1626 de
452 1579 617 1625 alieno
636 1578 855 1625 liberalis
879 1595 1002 1625 sum.
1077 1578 1245 1638 Quare
1263 1585 1432 1626 autem
1458 1578 1676 1626 alienum
1739 1602 1742 1605 ·

179 1660 319 1707 dixi?
389 1659 643 1723 Quicquid
667 1661 798 1707 bene
823 1660 1015 1707 dictum
1050 1667 1127 1708 est
1151 1661 1215 1708 ab
1239 1661 1358 1720 ullo,
1383 1677 1550 1708 meum
1585 1665 1675 1706 est.
1720 1651 1724 1654 ’

184 1742 320 1788 Istuc
356 1758 555 1805 quoque
587 1742 652 1788 ab
684 1743 900 1804 Epicuro
932 1742 1126 1790 dictum
1161 1750 1267 1790 est:
1305 1742 1404 1790 “Si
1436 1743 1500 1790 ad
1534 1748 1680 1788 natu-

182 1840 286 1870 ram
327 1827 479 1882 vives,
515 1840 789 1887 numquam
825 1827 921 1871 eris
956 1841 1176 1887 pauper3
1228 1829 1268 1872 si
1303 1825 1367 1872 ad
1403 1827 1680 1888 opiniones,

131 1906 456 1968 8numquam
495 1908 591 1952 eris
632 1905 819 1952 dives.’'
907 1906 1157 1968 Exiguum
1197 1913 1376 1953 natura
1413 1905 1682 1962 desiderat,

184 1990 354 2048 opinio
388 1990 685 2034 inmensum.
759 1986 1072 2049 Congeratur
1102 1990 1155 2033 in
1188 1994 1241 2034 te
1266 1986 1505 2051 quicquid
1537 1986 1683 2032 multi

186 2068 464 2130 locupletes
510 2069 851 2132 possederant.
952 2067 1098 2116 Ultra
1144 2073 1394 2131 privatum
1441 2070 1684 2131 pecuniae

187 2149 394 2195 modum
440 2149 641 2196 fortuna
686 2155 740 2197 te
786 2149 1047 2212 provehat,
1093 2165 1214 2196 auro
1260 2156 1421 2213 tegat,
1469 2164 1686 2212 purpura

188 2233 386 2289 vestiat,
412 2248 471 2278 eo
507 2231 796 2278 deliciarum
834 2246 1087 2294 opumque
1123 2231 1384 2294 perducat,
1409 2237 1467 2277 ut
1502 2237 1686 2278 terram
1741 2235 1742 2239 ’

190 2313 515 2359 marmoribus
532 2312 824 2370 abscondas,
843 2328 946 2358 non
971 2318 1171 2359 tantum
1196 2313 1381 2360 habere
1401 2313 1494 2360 tibi
1519 2312 1688 2369 liceat,

188 2393 277 2440 sed
320 2393 509 2440 calcare
551 2393 762 2440 divitias.
837 2392 1099 2440 Accedant
1135 2399 1330 2440 statuae
1368 2399 1420 2440 et
1462 2397 1656 2456 pictura

695 2584 715 2603 ‘¹
743 2576 874 2630 Frag.
898 2579 974 2617 201
999 2576 1187 2620 Usener.

201 2641 292 2690 106
