1742 2872
495 138 642 184 THE
678 136 999 185 EPISTLES
1035 137 1126 184 OF
1162 136 1425 184 SENECA

150 302 174 307 λ
212 251 536 310 contemptio.
612 247 792 311 Itaque
823 251 876 295 in
910 264 1090 294 vanum
1127 263 1358 310 operosos
1392 247 1706 309 culpaverim.

216 339 401 387 Rursus
425 340 490 388 ad
513 340 725 388 honesta
750 344 990 398 nitentes,
1009 346 1198 403 quanto
1216 343 1374 403 magis
1392 340 1712 386 incubuerint

214 436 479 495 minusque
495 433 588 479 sibi
606 436 808 479 vinciae
826 437 1034 495 strigare
1052 435 1384 500 permiserint,
1399 430 1712 494 adprobabo1

216 530 270 571 et
285 524 510 571 clamabo
528 542 539 571 ε
575 529 608 551 “
624 524 787 571 Tanto
806 525 997 583 melior,
1017 541 1165 587 surge
1185 531 1238 572 et
1256 528 1441 586 inspira
1459 530 1514 570 et
1531 523 1714 569 clivum

215 620 367 662 istum
391 633 509 674 uno,
534 620 574 662 si
598 622 760 679 potes,
787 621 963 679 spiritu
988 617 1277 679 exsupera.''’

164 708 194 754 5
301 708 585 756 Generosos
626 712 818 756 animos
859 709 1000 756 labor
1039 713 1213 756 nutrit.
1291 709 1406 755 Non
1453 714 1531 755 est
1579 724 1716 770 ergo,

216 801 349 863 quod
393 818 455 848 ex
490 800 578 847 illo
615 807 731 848 voto
762 801 971 848 vetere²
1006 808 1273 864 parentum
1309 807 1510 848 tuorum
1545 800 1718 862 eligas,

217 893 338 956 quid
374 897 670 956 contingere
705 894 801 940 tibi
835 893 976 953 velis,
1001 894 1123 957 quid
1158 900 1333 957 optes3
1377 899 1429 939 et
1465 895 1518 938 in
1552 898 1742 956 totum!

218 988 316 1030 iam
341 1000 432 1047 per
453 989 670 1031 maxima
693 990 807 1031 acto
834 988 936 1031 viro
972 992 1120 1048 turpe
1157 991 1236 1033 est
1272 988 1562 1032 etiamnunc
1597 963 1742 1087 deos]¹

218 1075 443 1139 fatigare.
518 1077 657 1136 Quid
682 1080 810 1123 votis
835 1093 959 1139 opus
985 1079 1100 1124 est?
1170 1077 1268 1123 Fac
1291 1083 1346 1124 te
1370 1080 1478 1138 ipse
1502 1074 1716 1122 felicem.
1740 1089 1742 1100 ²

221 1167 392 1215 Facies
407 1174 591 1229 autem,
613 1172 653 1215 si
672 1169 983 1216 intellexeris
1002 1170 1134 1215 bona
1153 1185 1278 1227 esse,
1298 1169 1479 1231 quibus
1497 1166 1720 1214 admixta
1736 1162 1742 1201 Ῑ

218 1263 374 1307 virtus
391 1266 484 1318 est,
500 1264 682 1323 turpia,
698 1261 878 1324 quibus
893 1261 1084 1307 malitia
1103 1264 1370 1307 coniuncta
1385 1267 1475 1308 est.
1530 1260 1719 1319 Quem-

218 1352 490 1399 admodum
525 1355 634 1400 sine
675 1356 893 1399 mixtura
933 1353 1057 1400 lucis
1092 1352 1219 1399 nihil
1262 1352 1584 1415 splendidum
1626 1357 1721 1410 est,

220 1444 347 1490 nihil
371 1451 554 1503 atrum,
578 1448 673 1491 nisi
699 1444 833 1508 quod
861 1445 1094 1491 tenebras
1130 1444 1286 1491 habet
1321 1451 1409 1491 aut
1443 1443 1632 1507 aliquid
1668 1447 1721 1490 in

220 1552 273 1583 se
293 1540 446 1584 traxit
470 1537 681 1595 obscuri,
707 1536 1130 1600 quemadmodum
1166 1540 1272 1583 sine
1309 1537 1556 1583 adiutorio
1591 1539 1722 1600 ignis

219 1628 345 1676 nihil
365 1629 583 1675 calidum
603 1610 697 1688 est,
712 1628 839 1675 nihil
859 1633 965 1675 sine
984 1635 1099 1675 aere
1116 1628 1354 1692 frigidum
1373 1645 1384 1685 ;
1419 1632 1492 1675 ita
1510 1628 1692 1675 honest

222 1728 276 1769 et
299 1725 466 1784 turpia
490 1725 688 1768 virtutis
713 1738 770 1767 ac
795 1721 1016 1768 malitiae
1043 1725 1254 1768 societas
1281 1722 1444 1768 efficit.

172 1823 200 1869 6
308 1811 445 1870 Quid
487 1829 608 1876 ergo
649 1819 728 1860 est
770 1813 991 1859 bonum?
1067 1813 1252 1860 Rerum
1288 1816 1510 1860 scientia.
1584 1811 1723 1871 Quid

223 1905 410 1951 malum
446 1907 560 1952 est?
622 1904 804 1951 Rerum
846 1907 1108 1967 imperitia.
1186 1904 1278 1952 Ille
1314 1904 1535 1968 prudens
1569 1910 1722 1968 atque

222 1995 405 2043 artifex
429 2013 518 2059 pro
543 2002 771 2059 tempore
790 2012 1020 2059 quaeque
1046 1995 1262 2059 repellet
1280 2003 1369 2044 aut
1387 1996 1558 2059 eliget.
1621 1995 1685 2043 Se

224 2107 318 2137 nec
354 2106 482 2153 quae
517 2088 719 2152 repellit
754 2091 920 2146 timet,
945 2104 1040 2134 nec
1073 2092 1281 2135 miratur
1311 2105 1440 2151 quae
1477 2089 1650 2151 elegit,
1683 2104 1705 2134 s

225 2182 373 2229 modo
398 2198 609 2244 magnus
641 2181 714 2227 illi
740 2187 793 2227 et
824 2184 1040 2227 invictus
1073 2185 1267 2227 animus
1299 2187 1389 2228 est.
1464 2180 1705 2228 Summitt
1737 2219 1742 2250 ,ἐ

226 2279 279 2321 te
303 2290 361 2320 ac
386 2274 600 2336 deprimi
626 2280 754 2320 veto.
831 2273 1076 2319 Laborem
1102 2276 1140 2318 si
1174 2290 1275 2319 non
1308 2289 1523 2330 recuses,
1548 2289 1668 2335 paru

294 2369 308 2393 ¹
337 2367 584 2422 adprobabo
606 2367 789 2414 Haase;
818 2367 1085 2420 adprobator
1104 2381 1161 2420 p;
1190 2367 1442 2408 admirabor
1462 2365 1582 2408 LPb.

292 2422 311 2448 ²
339 2436 387 2462 ex
406 2423 481 2463 illo
501 2427 598 2463 voto
618 2428 752 2463 vetere
773 2421 930 2462 Hense
947 2437 959 2468 ς
987 2435 1036 2462 ex
1054 2421 1130 2463 illo
1150 2426 1284 2462 vetere
1302 2420 1456 2474 pLPb.

413 2537 434 2555 ‘²
464 2528 692 2582 LsteraHy,
718 2534 747 2552 “
762 2541 888 2569 come
908 2532 954 2569 to
974 2528 1051 2568 the
1071 2502 1159 2569 end
1178 2501 1313 2571 ethis
1333 2528 1508 2570 furrow.
1517 2527 1540 2543 ”

230 2602 328 2643 224
