1742 2872
342 147 370 162 ⁶
491 131 636 178 THE
674 133 992 180 EPISTLES
1031 133 1119 180 OF
1155 132 1419 179 SENECA

162 293 185 297 a
208 239 369 287 donec
394 241 591 287 desinas
625 242 826 300 habere,
851 243 986 305 quod
1019 246 1224 305 cupias?
1293 242 1578 306 Numquam
1605 247 1701 290 erit

207 317 260 364 id
285 319 516 381 tempus.1
589 319 806 377 Qualem
842 320 1052 366 dicimus
1086 324 1263 367 seriem
1294 336 1402 367 esse
1427 337 1700 379 causarum,

208 411 271 443 ex
299 398 479 459 quibus
515 401 738 444 nectitur
769 397 947 455 fatum,
971 398 1127 444 talem
1158 398 1300 445 esse2
1337 398 1700 461 cupiditatum3

206 472 366 519 altera
390 489 452 519 ex
477 473 575 520 fine
600 474 806 521 alterius
838 479 1070 521 nascitur.
1146 475 1206 521 In
1238 492 1349 522 eam
1373 475 1616 522 demissus
1649 492 1702 522 es

208 554 377 608 vitam,
404 567 531 614 quae
556 568 829 614 numquam
868 554 959 599 tibi
994 556 1267 599 terminum
1301 557 1610 599 miseriarum
1644 570 1702 599 ac

206 631 461 675 servitutis
507 633 615 692 ipsa
662 629 854 676 factura
902 634 978 677 sit.
1053 630 1257 677 Subduc
1293 634 1538 678 cervicem
1584 634 1702 693 iugo

205 709 407 762 tritam3
444 707 600 754 semel
625 707 762 753 illam
786 708 939 754 incidi
965 725 1114 771 quam
1138 725 1335 771 semper
1359 711 1517 770 premi
1550 712 1703 755 satius

155 778 183 827 7
208 790 297 831 est.
372 783 424 831 Si
449 790 502 831 te
526 784 591 831 ad
616 788 808 846 privata
831 786 1103 843 rettuleris,
1127 789 1319 832 minora
1344 792 1492 832 erunt
1521 789 1702 844 omnia,

208 861 297 909 sed
322 862 509 909 affatim
535 863 850 924 implebunt;
887 869 939 909 at
974 879 1108 909 nunc
1144 863 1356 925 plurima
1392 869 1445 910 et
1480 864 1702 926 undique

206 943 406 1002 ingesta
428 957 530 986 non
556 944 753 986 satiant.
833 940 1014 987 Utrum
1046 946 1217 987 autem
1252 944 1404 987 mavis
1440 957 1502 987 ex
1536 944 1704 1003 inopia

206 1021 523 1065 saturitatem
547 1034 611 1063 an
635 1020 687 1063 in
713 1021 854 1080 copia
878 1017 1098 1064 famem?
1136 1024 1189 1064 et
1221 1018 1364 1064 avida
1388 1017 1600 1065 felicitas
1626 1026 1704 1066 est

205 1102 259 1143 et
283 1096 475 1142 alienae
495 1095 722 1142 aviditati
742 1100 980 1158 exposita.
1054 1095 1306 1155 Quamdiu
1326 1097 1418 1143 tibi
1444 1099 1561 1143 satis
1576 1096 1703 1143 nihil

205 1173 374 1231 fuerit,
399 1177 506 1236 ipse
531 1173 639 1219 aliis
662 1189 762 1220 non
790 1176 898 1220 eris.

155 1258 184 1304 8
290 1257 322 1279 “
337 1251 651 1310 Quomodo,'’
670 1254 851 1314 inquis,
867 1257 899 1278 “
908 1251 1119 1298 exibo?'’
1161 1251 1463 1315 Utcumque.
1510 1252 1702 1315 Cogita,

205 1346 355 1392 quam
373 1329 534 1375 multa
551 1334 744 1376 temere
770 1345 858 1391 pro
874 1331 1102 1391 pecunia,
1118 1345 1266 1391 quam
1285 1329 1446 1376 multa
1460 1329 1701 1376 laboriose

206 1424 295 1470 pro
303 1406 493 1454 honore
512 1410 839 1469 temptaveris
858 1423 869 1462 ;
905 1406 1093 1470 aliquid
1114 1413 1168 1453 et
1183 1424 1272 1469 pro
1290 1410 1393 1454 otio
1413 1407 1702 1455 audendum

206 1491 299 1542 est,
325 1491 413 1531 aut
438 1486 488 1531 in
514 1488 609 1531 ista
634 1484 972 1531 sollicitudine
999 1488 1403 1547 procurationum
1429 1492 1483 1532 et
1514 1485 1700 1533 deinde

206 1563 507 1609 urbanorum
559 1563 830 1609 officiorum
871 1562 1239 1609 senescendum
1286 1566 1339 1608 in
1384 1563 1607 1610 tumultu
1643 1581 1700 1610 ac

205 1657 403 1703 semper
433 1644 573 1687 novis
598 1640 848 1698 fluctibus,
873 1657 996 1703 quos
1022 1640 1242 1703 effugere
1267 1640 1407 1687 nulla
1437 1642 1700 1700 modestia,

203 1718 342 1765 nulla
388 1722 520 1765 vitae
568 1722 741 1782 quiete
789 1722 1016 1780 contigit.
1113 1718 1251 1777 Quid
1303 1722 1438 1765 enim
1485 1719 1549 1766 ad
1596 1737 1700 1766 rem

204 1800 443 1859 pertinet,
480 1813 544 1842 an
580 1803 636 1843 tu
674 1800 932 1859 quiescere
975 1796 1132 1843 velis?
1205 1797 1426 1843 Fortuna
1475 1804 1560 1843 tua
1599 1814 1699 1844 non

202 1874 323 1921 vult.
398 1873 534 1931 Quid
577 1877 617 1920 si
650 1874 724 1919 illi
767 1877 921 1920 etiam
962 1890 1097 1920 nunc
1132 1877 1414 1936 permiseris
1451 1878 1702 1923 crescere?

205 1951 466 2009 Quantum
501 1951 566 1998 ad
598 1968 854 1999 successus
886 1955 1168 2009 accesserit,
1193 1952 1402 1999 accedet
1427 1953 1491 1999 ad
1517 1960 1695 2000 metus.

151 2036 180 2083 9
204 2029 330 2075 Volo
357 2029 449 2074 tibi
475 2028 570 2074 hoc
596 2029 705 2075 loco
728 2029 916 2076 referre
941 2029 1133 2075 dictum
1171 2030 1477 2077 Maecenatis
1511 2047 1625 2077 vera
1648 2035 1698 2077 in

391 2125 405 2150 ¹
434 2126 514 2166 erit
534 2126 582 2168 id
601 2131 767 2179 tempus
787 2125 1060 2174 Buecheler;
1089 2127 1170 2167 erit
1190 2132 1355 2180 tempus
1375 2126 1504 2169 MSS.

499 2179 517 2204 ²
546 2179 733 2232 Madvig
753 2180 899 2221 would
919 2182 1059 2222 insert
1076 2180 1186 2221 scias
1206 2195 1255 2221 or
1269 2186 1395 2234 puta.

267 2314 288 2332 α
315 2305 410 2346 The
442 2310 708 2359 procurator
744 2305 823 2346 did
858 2305 936 2346 the
983 2305 1107 2346 work
1144 2305 1195 2345 of
1237 2319 1266 2346 a
1311 2310 1522 2359 quaestor
1558 2309 1601 2347 in
1641 2321 1697 2348 an

202 2359 404 2414 imperial
434 2361 654 2412 province.
720 2358 942 2400 Positions
976 2362 1025 2400 at
1058 2359 1202 2400 Rome
1236 2363 1283 2400 to
1317 2360 1461 2400 which
1502 2360 1698 2402 Lucilius

202 2415 347 2467 might
366 2413 556 2454 succeed
575 2426 689 2453 were
710 2413 820 2454 such
840 2426 891 2453 as
905 2414 1152 2467 praefectus
1172 2428 1386 2461 annonae,
1403 2416 1447 2455 in
1469 2414 1633 2468 charge
1651 2415 1703 2456 of

202 2469 279 2509 the
315 2469 440 2521 grain
482 2467 659 2520 supply,
695 2480 745 2508 or
779 2468 1025 2522 praefectus
1061 2467 1174 2515 urbi,
1215 2467 1420 2509 Director
1452 2469 1503 2510 of
1542 2469 1670 2511 Publi

203 2522 375 2576 Safety,
398 2522 487 2563 and
507 2522 670 2564 others.

207 2595 298 2636 128
