1742 2872
509 148 656 194 THE
692 147 1012 196 EPISTLES
1048 148 1138 196 OF
1174 149 1440 197 SENECA

74 302 86 313 ,
161 313 182 317 -.
229 257 411 303 damni.
487 258 648 303 Nemo
679 258 764 303 illa
799 261 985 319 perisse
1017 262 1189 316 sentit,
1219 258 1308 304 sed
1344 263 1545 321 cogitat.
1619 260 1719 318 Qui

228 340 281 370 se
307 323 476 380 habet,
501 324 626 369 nihil
650 324 884 386 perdidit.
951 325 1051 371 Sed
1075 332 1229 388 quoto
1254 329 1433 388 cuique
1457 326 1642 374 habere
1667 344 1719 374 se

229 393 478 454 contigit?
548 391 698 438 VALE.

878 601 1069 650 XLIII.

579 742 772 790 SENECA
811 743 1010 790 chuao
1045 760 1130 791 svo
1167 760 1382 792 SALVTEM

174 877 196 923 1
309 872 575 931 Quomodo
599 872 695 918 hoc
719 872 782 919 ad
811 889 892 918 me
918 875 1203 934 pervenerit
1228 877 1438 935 quaeris,
1462 877 1572 937 quis
1596 875 1718 923 mihi

224 940 275 987 id
312 946 365 987 te
395 944 615 1002 cogitare
651 943 940 997 narraverit,
975 939 1108 1002 quod
1145 945 1202 986 tu
1238 940 1363 986 nulli
1399 945 1718 990 narraveras?

225 1007 272 1053 Is
301 1011 386 1070 qui
405 1011 499 1054 scit
522 1007 825 1070 plurumum,
849 1023 1027 1053 rumor.
1101 1012 1132 1033 “
1148 1005 1284 1064 Quid
1309 1024 1428 1070 ergo
1444 1009 1463 1054 ?
1481 1008 1506 1023 '’
1534 1012 1731 1072 inquis,

221 1074 460 1121 “Tantus
496 1091 621 1132 sum,
647 1080 705 1120 ut
735 1077 918 1136 possim
948 1076 1165 1120 excitare
1200 1090 1448 1121 rumorem
1466 1077 1484 1121 ?
1502 1076 1528 1091 '’
1600 1076 1742 1124 Nona

219 1148 298 1189 est
332 1141 466 1205 quod
504 1147 556 1188 te
594 1141 659 1188 ad
694 1140 828 1187 hunc
863 1141 1028 1187 locum
1063 1145 1331 1203 respiciens
1366 1146 1615 1199 metiaris;
1650 1130 1742 1222 ad,{

169 1220 196 1265 2
219 1212 371 1255 istum
395 1212 604 1271 respice,
628 1212 681 1254 in
709 1224 808 1271 quo
831 1211 1046 1254 moraris.
1121 1207 1373 1272 Quicquid
1397 1213 1530 1256 inter
1555 1214 1713 1258 vicina
1735 1259 1742 1272 „

220 1279 428 1334 eminet,
452 1292 689 1338 magnum
717 1282 794 1322 est
817 1275 935 1332 illic,
959 1275 1043 1321 ubi
1078 1279 1281 1322 eminet.
1357 1276 1485 1322 Nam
1521 1281 1712 1340 magni·
1735 1333 1738 1338 ι

219 1343 343 1389 tudo
375 1360 478 1389 non
510 1342 697 1389 habet1
734 1341 939 1389 modum
975 1348 1198 1398 certum;
1239 1347 1541 1405 comparatio
1576 1344 1739 1391 illam·

217 1416 304 1457 aut
346 1410 515 1456 tollit2
561 1416 649 1456 aut
690 1409 938 1471 deprimit.
1028 1409 1195 1467 Navis,
1236 1426 1363 1472 quae
1409 1414 1462 1456 in
1508 1410 1711 1461 flumine

217 1494 398 1540 magna
418 1483 510 1535 est,
535 1481 587 1523 in
610 1481 732 1522 mari
759 1476 961 1538 parvula
986 1482 1075 1523 est.
1139 1476 1562 1536 Gubernaculum‚
1578 1477 1731 1542 quod*

216 1544 361 1591 alteri
385 1548 499 1591 navi
523 1561 778 1607 magnum,
802 1544 947 1590 alteri
972 1547 1210 1606 exiguum
1234 1550 1323 1591 est.

162 1625 192 1671 3
301 1611 377 1658 Tu
418 1628 553 1658 nunc
592 1615 643 1657 in
687 1614 955 1673 provincia,
996 1610 1117 1657 licet
1155 1617 1446 1658 contemnas
1486 1615 1593 1674 ipse
1640 1619 1710 1672 te,

215 1695 425 1742 magnus
450 1695 515 1726 es.
590 1677 726 1736 Quid
750 1694 884 1741 agas,
908 1677 1329 1740 quemadmodum
1355 1695 1521 1737 cenes,
1536 1691 1714 1742 quemss

213 1746 483 1792 admodum
530 1745 760 1803 dormias,
800 1749 1070 1808 quaeritur,
1112 1749 1267 1792 scitur
1282 1749 1312 1802 3'
1353 1762 1413 1792 eo
1460 1747 1552 1792 tibi
1599 1746 1715 1793 dili-·

214 1817 416 1876 gentius
441 1812 711 1859 vivendum
736 1818 825 1859 est.
899 1812 1041 1858 Tunc
1076 1818 1247 1859 autem
1275 1812 1475 1859 felicem
1511 1829 1619 1860 esse
1654 1819 1707 1861 te

212 1880 393 1938 iudica,
418 1897 530 1926 cum
556 1883 743 1942 poteris
767 1883 819 1925 in
844 1879 1044 1942 publico
1068 1882 1251 1937 vivere,
1277 1896 1389 1926 cum
1414 1886 1467 1927 te
1492 1883 1741 1942 parietes·2

213 1951 288 1993 tui
324 1953 521 2010 tegent,
546 1963 646 1993 non
663 1946 999 2004 abscondent,
1023 1962 1146 2010 quos
1170 1946 1465 2009 plerumque
1501 1951 1706 1994 circum·
1737 1953 1742 1970 ¹

213 2014 356 2061 datos
391 2015 534 2061 nobis
566 2013 840 2060 iudicamus
865 2030 967 2060 non
990 2019 1049 2060 ut
1073 2017 1230 2060 tutius
1266 2017 1501 2072 vivamus,
1527 2014 1615 2061 sed
1652 2018 1708 2063 ut
1730 2020 1734 2055 Ι

158 2091 190 2139 4
212 2098 478 2144 peccemus
537 2081 791 2128 occultius.
892 2081 1015 2127 Rem
1064 2080 1243 2138 dicam,
1291 2097 1353 2127 ex
1402 2097 1500 2143 qua
1545 2096 1730 2133 mores:

211 2153 445 2196 aestimes
469 2154 664 2195 nostros
685 2166 696 2195 :
732 2151 814 2194 vix
838 2164 1140 2211 quemquam
1164 2151 1406 2206 invenies,
1431 2152 1515 2211 qui
1551 2152 1729 2219 possit?

276 2254 294 2333 ἑ
322 2268 418 2317 non·
430 2253 552 2294 habet
571 2253 683 2294 later
695 2251 833 2316 MSS.
855 2270 867 2301 ;
896 2252 1018 2294 habet
1036 2251 1152 2347 pLg.
1509 2307 1517 2315 ι
1721 2272 1725 2315 3

322 2309 435 2349 tollat
464 2307 531 2356 L;
560 2307 721 2349 attollat
752 2307 791 2348 L
820 2307 987 2348 second
1012 2306 1102 2347 han
1163 2305 1254 2346 and
1283 2305 1412 2347 codd.
1448 2304 1581 2347 erc.
1616 2300 1723 2347 and·

210 2362 391 2415 Erlang.

273 2497 294 2515 α
321 2490 390 2530 i.e.
435 2489 590 2529 Rome.

274 2544 291 2569 ὃ
320 2519 629 2584 Lucilius'was
649 2545 696 2583 at
715 2541 804 2583 this
826 2544 935 2582 time
955 2540 1155 2594 imperial
1175 2543 1436 2594 procurator
1456 2542 1499 2580 in
1522 2539 1671 2592 Sicily.

209 2613 305 2655 284
