1742 2872
436 178 581 226 THE
618 179 937 229 EPISTLES
974 182 1065 230 OF
1100 183 1366 231 SENECA

151 295 205 335 et
251 291 490 352 quicquid
537 307 614 337 ars
665 291 767 337 ulla
821 291 1044 339 luxuriae
1099 294 1404 350 elaboravit;
1462 298 1643 342 maiora

151 387 334 433 cupere
359 372 424 418 ab
447 371 523 418 his
549 373 723 420 disces.

99 456 128 503 9
236 452 494 499 Naturalia
522 455 770 502 desideria
802 456 942 503 finita
974 463 1121 514 sunt3
1158 475 1220 504 ex
1253 458 1373 505 falsa
1410 462 1644 521 opinione

148 539 406 581 nascentia
450 537 533 582 ubi
574 537 824 595 desinant,
866 555 966 584 non
1008 538 1214 586 habent.
1291 540 1468 587 Nullus
1510 543 1642 587 enim

149 620 393 663 terminus
435 617 559 664 falso
599 625 690 666 est.
764 619 908 665 Viam
951 624 1093 667 eunti
1134 621 1323 683 aliquid
1365 628 1645 668 extremum

149 703 257 754 est3
294 714 429 744 error
452 703 707 747 inmensus
733 707 823 747 est.
901 701 1120 749 Retrahe
1146 719 1265 765 ergo
1289 709 1342 749 te
1367 721 1395 749 a
1420 707 1573 762 vanis,
1593 709 1647 751 et

150 794 263 825 cum
288 780 424 827 voles
449 785 591 839 scire,
615 782 750 844 quod
774 788 936 845 petes,
963 790 1128 830 utrum
1155 785 1436 831 naturalem
1468 785 1646 831 habeat

147 876 213 906 an
238 877 437 908 caecam
461 863 809 925 cupiditatem,
835 864 1110 923 considera,
1134 882 1255 911 num
1280 869 1436 928 possit
1465 866 1646 912 alicubi

150 945 435 989 consistere.
504 943 555 990 Si
574 943 726 1007 longe
746 961 1007 1008 progresso
1027 962 1226 1008 semper
1244 947 1430 1010 aliquid
1450 947 1647 1010 longius

150 1029 324 1083 restat,
349 1028 474 1071 scito
499 1024 551 1071 id
577 1026 806 1073 naturale
831 1043 935 1074 non
960 1043 1081 1074 esse.
1157 1027 1306 1075 VALE.

816 1281 980 1331 XVII.

488 1430 680 1479 SENECA
720 1430 922 1478 chmo
959 1447 1044 1479 svo
1081 1447 1301 1478 SALVTEM

101 1574 124 1622 1
239 1571 410 1619 Proice
442 1574 608 1618 omnia
639 1574 751 1628 ista,
777 1574 817 1617 si
850 1573 996 1632 sapis,
1021 1573 1174 1615 immo
1206 1575 1263 1615 ut
1295 1572 1471 1632 sapias,
1497 1575 1550 1616 et
1585 1569 1646 1616 ad
1722 1627 1723 1631 Ἰ

151 1654 333 1700 bonam
364 1658 591 1700 mentem
624 1668 808 1714 magno
841 1668 986 1698 cursu
1018 1668 1075 1697 ac
1107 1653 1227 1697 totis
1259 1651 1443 1698 viribus
1475 1652 1645 1698 tende.

152 1734 205 1781 Si
252 1734 374 1798 quid
421 1739 515 1792 est,
562 1750 660 1797 quo
710 1737 913 1791 teneris,
960 1739 1049 1780 aut
1097 1732 1280 1795 expedi
1330 1738 1419 1803 aut
1464 1733 1645 1780 incide.

151 1820 183 1843 “
201 1816 474 1874 Moratur,'’
500 1818 682 1878 inquis,
701 1820 735 1843 “
750 1831 831 1862 me
864 1831 942 1861 res
974 1813 1258 1870 familiaris;
1295 1817 1364 1860 sic
1388 1813 1525 1860 illam
1550 1814 1649 1861 dis-

152 1914 339 1961 ponere
374 1897 503 1955 volo,
541 1903 597 1944 ut
633 1897 855 1943 sufficere
891 1895 1018 1942 nihil
1054 1898 1228 1958 agenti
1264 1899 1436 1958 possit,
1460 1912 1526 1942 ne
1561 1902 1649 1942 aut

101 1979 129 2025 2
152 1986 419 2043 paupertas
454 1978 578 2025 mihi
610 1982 750 2025 oneri
783 1982 849 2025 sit
880 1984 968 2024 aut
1001 1994 1097 2040 ego
1127 1977 1323 2024 alicui.”
1397 1977 1521 2023 Cum
1554 1977 1649 2024 hoc

152 2063 291 2120 dicis,
332 2078 434 2108 non
482 2060 664 2108 videris
713 2063 810 2106 vim
852 2077 910 2106 ac
951 2062 1231 2122 potentiam
1279 2062 1401 2117 eius,
1444 2059 1508 2106 de
1549 2075 1649 2122 quo

152 2147 358 2206 cogitas,
394 2144 511 2189 boni
553 2158 712 2190 nosse.
786 2142 854 2188 Et
895 2157 1138 2188 summam
1180 2140 1384 2204 quidem
1423 2143 1494 2186 rei
1537 2156 1647 2202 per-

150 2225 307 2283 vides,
332 2231 578 2288 quantum
601 2223 918 2287 philosophia
941 2225 1110 2285 prosit,
1139 2227 1306 2284 partes
1330 2227 1500 2267 autem
1524 2237 1648 2267 non-

151 2307 272 2354 dum
307 2310 426 2354 satis
462 2306 718 2354 subtiliter
752 2305 970 2367 dispicis,
1003 2303 1220 2350 necdum
1257 2306 1367 2361 scis,
1403 2309 1648 2365 quantum

151 2391 337 2453 ubique
378 2405 468 2435 nos
510 2389 732 2445 adiuvet,
768 2385 1192 2450 quemadmodum
1228 2390 1282 2432 et
1317 2388 1370 2430 in
1406 2387 1646 2442 maximis,

215 2538 464 2633 {Qgerhaps
497 2537 614 2578 from
646 2536 724 2577 the
758 2535 1046 2583 Hortensium
1091 2547 1165 2575 see
1200 2533 1375 2581 Mffller,
1411 2533 1542 2586 Fraq.
1577 2535 1640 2582 98,

147 2606 190 2647 p.
299 2624 309 2634 .

154 2663 245 2705 108
