1742 2872
441 115 588 163 THE
623 117 943 165 EPISTLES
981 118 1071 166 OF
1107 117 1373 165 SENECA

157 228 265 272 viae
313 227 504 274 multae
552 228 744 285 breves,
786 227 970 274 faciles.
1046 229 1266 290 Agamus
1315 228 1411 275 deo
1452 231 1652 290 gratias,
1731 254 1734 256 v

126 301 291 375 ”quod
338 331 487 361 nemo
533 319 584 361 in
632 319 736 362 vita
782 320 946 363 teneri
994 322 1176 378 potest.
1274 315 1474 362 Calcare
1521 320 1651 378 ipsas
1731 353 1742 370 -,

74 403 130 451 ll
155 406 483 449 necessitates
549 403 682 450 licet.
802 403 1145 465 “Epicurus‚”
1211 407 1393 466 inquiS‚
1457 409 1488 430 “
1507 403 1646 451 dixit.

157 488 294 547 Quid
335 493 429 537 tibi
471 508 586 537 cum
626 492 873 538 alieno?'’
946 492 1096 550 Quod
1137 509 1309 539 verum
1352 500 1445 551 est,
1481 509 1650 539 meum

154 587 245 627 est.
322 581 655 643 Perseverabo
697 584 970 646 Epicurum
1018 583 1110 629 tibi
1157 586 1404 645 ingerere,
1445 587 1504 628 ut
1550 583 1649 637 isti,

154 672 239 731 qui
269 672 321 715 in
353 671 504 716 verba
535 674 718 730 iurant,
742 688 838 719 nec
869 672 992 735 quid
1027 671 1223 718 dicatur
1250 674 1536 728 aestimant,
1561 670 1649 717 sed
1724 727 1727 729 ,

152 773 181 802 a
227 773 342 819 quo,
384 761 560 816 sciant,
608 776 736 823 quae
783 763 973 823 optima
1020 765 1154 818 sunt,
1196 775 1304 806 esse
1352 761 1646 806 communia.
1724 776 1726 778 ·

154 842 303 891 VALa.

821 1081 968 1128 XIII.

486 1270 681 1320 SENECA
719 1271 920 1318 LVCILlo
956 1287 1040 1318 SVO
1075 1286 1293 1318 SALVTEM

100 1444 122 1492 l
235 1446 457 1493 Multum
521 1446 615 1493 tibi
680 1461 788 1492 esse
852 1447 1015 1498 animi
1076 1447 1190 1491 scio.
1298 1444 1428 1490 Nam
1493 1447 1645 1490 etiam

148 1541 421 1598 antequam
472 1538 746 1581 instrueres
798 1539 851 1580 te
910 1536 1191 1596 praeceptis
1244 1533 1540 1580 salutaribus
1593 1540 1646 1581 et
1727 1520 1742 1566 ’ἴ

150 1621 274 1669 dura
313 1624 649 1681 vincentibus,
685 1626 806 1670 satis
848 1622 1084 1669 adversus
1120 1621 1372 1668 fortunam
1414 1621 1646 1684 placebas

149 1711 260 1769 tibi,
308 1718 361 1758 et
407 1712 569 1759 multo
614 1715 789 1774 magis,
837 1717 1102 1774 postquam
1150 1726 1263 1756 cum
1311 1710 1396 1756 illa
1441 1726 1645 1756 manum

1716 1653 1734 1819 *vul-*qs
1720 1623 1734 1636 5?

149 1804 445 1847 conseruisti
469 1804 697 1864 viresque
723 1806 960 1863 expertus
985 1816 1038 1847 es
1066 1806 1195 1857 tuas,
1220 1815 1349 1862 quae
1373 1815 1643 1862 numquam

150 1894 338 1935 certam
373 1887 492 1935 dare
528 1889 761 1935 fiduciam
797 1891 873 1934 sui
914 1893 1138 1950 possunt,
1175 1890 1270 1933 nisi
1307 1902 1420 1933 cum
1456 1885 1645 1933 multae

149 1975 468 2023 difficultates
516 1976 634 2022 hinc
681 1982 735 2022 et
792 1975 932 2021 illinc
977 1980 1333 2038 apparuerunt,
1379 1974 1646 2037 aliquando
1716 2035 1719 2038 y

151 2079 266 2110 vero
292 2070 345 2111 et
383 2070 585 2128 propius
625 2070 974 2120 accesserunt3
1033 2067 1101 2110 sic
1141 2079 1285 2110 verus
1327 2062 1414 2109 ille
1451 2065 1646 2108 animus

150 2160 204 2200 et
261 2158 314 2200 in
360 2154 582 2201 alienum
633 2171 736 2200 non
788 2159 1028 2200 venturus
1074 2152 1334 2198 arbitrium
1392 2151 1642 2213 probatur.

1715 2142 1734 2193 ma

100 2241 128 2287 2
154 2245 298 2291 Haec
334 2247 440 2291 eius
474 2244 678 2291 obrussa
713 2249 820 2290 est:
867 2259 968 2288 non
1005 2247 1176 2304 potest
1209 2239 1405 2287 athleta
1437 2255 1645 2301 magnos

150 2336 351 2396 spiritus
387 2331 451 2378 ad
487 2338 746 2379 certamen
779 2330 992 2388 adferre,
1027 2333 1114 2393 qui
1149 2344 1423 2391 numquam
1458 2326 1644 2389 suggil-
1726 2389 1742 2408 Ἰ

150 2421 281 2468 latus
329 2427 435 2476 est;
494 2420 598 2478 ille,
646 2423 731 2483 qui
779 2422 1075 2481 sanguinem
1123 2433 1268 2463 suum
1314 2415 1457 2472 vidit,
1506 2417 1644 2460 cuius

151 2510 332 2556 dentes
371 2525 609 2571 crepuere
652 2508 745 2555 sub
790 2523 978 2569 pugno,
1018 2505 1122 2562 ille,
1163 2507 1249 2567 qui
1296 2503 1644 2565 subplantatus

153 2590 215 2635 72
1671 2586 1675 2589 ’
