1742 2872
514 136 659 182 THE
696 135 1013 183 EPISTLES
1052 136 1140 182 OF
1176 136 1439 184 SENECA

173 291 197 296 ἡ
231 248 338 308 ipso
370 245 619 292 culminel
659 245 874 292 elocuti:
912 245 1072 307 “Ipsa
1108 249 1241 292 enim
1277 247 1492 293 altitudo
1523 253 1723 295 attonat

232 313 469 359 summa.'’
543 312 595 359 Si
620 318 831 375 quaeris,
854 316 908 359 in
932 329 1030 376 quo
1061 313 1187 359 libro
1212 313 1423 369 dixerit3
1459 318 1511 360 in
1536 330 1612 373 eo,
1636 319 1721 378 qui

235 380 563 427 Prometheus
591 381 887 427 inscribitur.
980 380 1093 426 Hoc
1118 380 1274 426 voluit
1299 381 1482 438 dicere,
1506 386 1723 428 attonita

235 447 388 494 habet
407 464 611 494 summa.
686 448 778 494 Est
797 464 916 510 ergo
935 450 1067 494 tanti
1086 447 1188 494 ulla
1205 452 1451 510 potentia,
1470 455 1527 495 ut
1545 452 1610 496 sit
1628 450 1721 495 tibi

233 521 336 560 tam
361 516 525 561 ebrius
550 516 745 561 sermo?
818 515 1114 577 Ingeniosus
1141 515 1227 562 ille
1252 519 1325 561 vir
1348 515 1460 574 fuit,
1484 532 1721 579 magnum

233 582 520 644 exemplum
558 582 809 628 Romanae
842 582 1159 645 eloquentiae
1195 582 1417 640 daturus,
1451 586 1545 629 nisi
1580 583 1720 629 illum

233 655 521 696 enervasset
549 649 779 706 felicitas,
804 652 956 695 immo
988 656 1265 696 castrasset.
1340 650 1441 696 Hic
1473 656 1525 696 te
1559 654 1722 697 exitus

232 723 420 774 manet,
455 720 550 763 nisi
586 720 684 762 iam
719 716 983 763 contrahes
1018 717 1144 774 vela,
1180 721 1291 775 nisi,
1323 718 1458 780 quod
1494 717 1578 764 ille
1615 734 1724 765 sero

232 784 407 840 voluit,
434 791 618 830 terram
643 783 794 847 leges.

148 869 210 916 10
319 851 547 898 Poteram
585 858 753 898 tecum
791 851 882 897 hac
921 852 1228 898 Maecenatis
1264 856 1518 898 sententia
1551 869 1721 915 parem

233 918 398 965 facere
433 922 692 965 rationem.
767 918 867 965 Sed
903 919 1124 965 movebis
1160 918 1283 964 mihi
1319 923 1721 977 controversiam,

232 989 272 1032 si
296 989 413 1032 novi
437 993 507 1043 te,
531 1003 626 1033 nec
651 986 786 1033 voles
811 986 944 1049 quod
969 986 1132 1033 debeo
1156 989 1207 1032 in
1231 1002 1407 1048 aspero
1432 993 1485 1033 et
1513 988 1722 1049 inprobo

231 1057 470 1115 accipere.
569 1053 642 1100 Ut
688 1070 741 1100 se
788 1070 866 1100 res
913 1053 1084 1111 habet,
1132 1054 1196 1099 ab
1251 1054 1467 1116 Epicuro
1522 1057 1722 1101 versura

232 1120 462 1167 facienda
501 1127 590 1168 est.
678 1121 909 1179 “Ante,”
949 1124 1130 1184 inquit,
1169 1122 1721 1183 “circumspiciendum

232 1194 326 1246 est,
365 1204 478 1234 cum
516 1189 696 1251 quibus
735 1188 853 1235 edas
892 1194 945 1234 et
980 1188 1136 1246 bibas,
1173 1205 1321 1251 quam
1357 1188 1478 1251 quid
1515 1189 1632 1236 edas
1668 1206 1696 1236 e

234 1256 384 1302 bibas.
462 1256 587 1301 Nam
613 1259 720 1303 sine
745 1259 903 1302 amico
928 1259 1188 1302 visceratio
1220 1255 1379 1302 leonis
1403 1273 1460 1302 ac
1488 1256 1594 1318 lupi
1620 1260 1742 1318 vita}

147 1339 202 1386 11
233 1323 356 1370 est.’'
421 1323 535 1369 Hoc
559 1340 662 1369 non
682 1327 945 1386 continget
963 1323 1072 1380 tibi,
1091 1326 1185 1369 nisi
1211 1327 1500 1380 secesseris;
1537 1323 1742 1387 alioqui?

233 1389 439 1436 habebis
464 1388 710 1447 convivas,
735 1407 858 1454 quos
883 1407 945 1437 ex
976 1391 1124 1437 turba
1157 1390 1482 1437 salutantium
1514 1386 1742 1438 nomen-⁴

231 1457 388 1504 clator
411 1458 689 1520 digesserit.
762 1459 910 1504 Errat
934 1464 1121 1515 autem,
1146 1461 1230 1521 qui
1263 1461 1477 1504 amicum
1510 1462 1560 1504 in
1593 1462 1742 1521 atriog

230 1529 442 1587 quaerit,
477 1528 530 1571 in
570 1528 795 1572 convivio
837 1526 1026 1588 probat.
1117 1525 1327 1571 Nifilum
1368 1525 1523 1584 habet
1565 1529 1722 1573 maius
1735 1550 1742 1554 ·=

231 1592 416 1639 malum
442 1599 712 1655 occupatus
736 1592 886 1639 homo
919 1599 974 1639 et
1004 1593 1148 1639 bonis
1173 1596 1272 1639 suis
1302 1593 1547 1650 obsessus,
1572 1610 1670 1656 qua

229 1660 364 1722 quod
404 1663 588 1707 amicos
631 1661 723 1706 sibi
764 1666 926 1722 putat,
963 1660 1142 1723 quibus
1177 1663 1285 1722 ipse
1319 1677 1422 1706 non
1458 1667 1551 1718 est,
1587 1677 1686 1723 quo

230 1727 471 1773 beneficia
497 1744 584 1774 sua
609 1728 822 1774 efficacia
846 1727 1035 1774 iudicat
1066 1727 1131 1774 ad
1162 1727 1497 1774 conciliandos
1521 1732 1721 1787 amicos,

427 1856 441 1881 ¹
469 1857 517 1898 in
534 1857 628 1910 ipso
648 1856 832 1897 culmine
852 1855 1000 1908 Capps
1018 1871 1030 1903 3
1063 1855 1111 1897 in
1129 1855 1223 1909 ipso
1242 1855 1379 1897 oculeo
1399 1853 1528 1897 MSS.

293 2012 314 2031 ‘²
343 2003 449 2045 And
466 2003 690 2045 therefore
708 2003 839 2044 could
859 2003 999 2056 speak
1019 2003 1126 2044 with
1145 2003 1373 2057 authority
1392 2018 1450 2044 on
1470 2004 1557 2046 this
1607 2006 1716 2047 oint.

295 2059 311 2084 ὃ
342 2057 537 2111 Perhaps
557 2071 585 2098 a
602 2057 809 2111 tragedy,
831 2057 1046 2111 although
1067 2056 1238 2099 Seneca
1256 2071 1358 2099 uses
1378 2058 1456 2099 the
1476 2072 1567 2100 wor
1616 2059 1672 2100 lib

227 2115 275 2153 to
309 2112 509 2153 describe
537 2113 586 2154 it.
646 2111 886 2152 Maecenas
914 2115 1052 2153 wrote
1084 2125 1112 2152 a
1140 2111 1427 2166 Symposium‚
1449 2127 1476 2153 a
1504 2113 1627 2154 work
1655 2113 1699 2154 D

229 2167 348 2207 cultu
383 2180 475 2213 suo,
515 2165 709 2213 Octavia,
745 2179 869 2206 some
907 2168 1030 2219 stray
1063 2178 1203 2212 verse,
1238 2166 1329 2207 and
1366 2167 1557 2221 perhaps
1596 2181 1691 2209 som

227 2220 413 2274 history.
474 2219 559 2261 See
580 2219 765 2267 Seneca,
786 2219 905 2274 Epp.
929 2221 1028 2261 xcii.
1053 2219 1144 2260 and
1163 2221 1216 2262 ci.

296 2282 311 2300 ⁶
340 2274 510 2316 Seneca
537 2273 828 2327 whimsically
850 2273 1061 2326 pretends
1089 2278 1137 2314 to
1165 2287 1344 2315 assume
1371 2274 1472 2315 that
1500 2277 1691 2316 eccentri

227 2328 405 2382 literary
428 2328 544 2381 style
571 2327 662 2368 and
690 2327 797 2380 high
827 2327 1022 2380 political
1050 2329 1241 2380 position
1269 2341 1328 2381 go
1356 2327 1477 2369 hand
1505 2330 1550 2369 in
1579 2329 1701 2371 hand

228 2381 314 2424 See
333 2382 427 2423 also
446 2382 524 2423 the
543 2381 770 2434 following
785 2385 1008 2424 sentence.

295 2439 317 2463 α
343 2436 578 2490 Epicurus,
602 2436 637 2476 F
641 2450 732 2489 rag.
757 2439 837 2476 542
856 2435 1044 2477 Usener.

294 2498 310 2517 ⁰
338 2490 381 2531 A
410 2490 531 2531 slave
563 2489 675 2543 kept
702 2490 763 2543 by
792 2503 926 2542 every
954 2492 1207 2543 prominent
1238 2489 1411 2530 Roman
1446 2493 1493 2531 to
1527 2491 1665 2532 identi

226 2544 305 2585 the
326 2544 528 2585 master's
549 2544 718 2585 friends
738 2543 828 2584 and
848 2543 1140 2597 dependants.

230 2615 324 2656 130
