1742 2872
501 153 648 199 THE
685 151 1005 200 EPISTLES
1042 152 1131 199 OF
1169 151 1432 200 SENECA

221 267 351 310 reris.
449 261 585 321 Quid
634 264 789 325 ergo?
882 263 999 309 Non
1051 268 1106 309 et
1158 278 1292 308 nunc
1347 261 1483 308 idem
1530 260 1716 307 facies?

152 358 176 363 “
220 348 405 394 Omnia
445 347 792 410 inpedimenta
833 347 1036 394 dimitte
1072 353 1127 393 et
1163 363 1282 392 vaca
1323 347 1484 393 bonae
1525 348 1716 400 menti;

219 448 368 478 nemo
378 431 441 477 ad
451 431 586 477 illam
607 434 837 493 pervenit
852 438 1135 492 occupatus.
1177 429 1717 492 Exercetphilosophia

218 531 428 578 regnum
468 531 641 571 suum3
684 515 773 562 dat
814 522 1031 578 tempus,
1073 531 1174 560 non
1216 518 1410 577 accipit.
1488 515 1597 560 Non
1641 520 1718 560 est

161 584 168 590 ⁵
218 616 296 646 res
315 600 575 658 subsiciva,
594 600 840 646 ordinaria
865 606 972 654 est;
1006 599 1208 652 domina
1227 605 1320 656 est,
1338 599 1513 645 adesse
1539 598 1716 645 iubet.¹

136 689 196 736 10
220 683 508 731 Alexander
516 684 712 730 cuidam
731 687 917 730 civitati
938 690 1130 746 partem
1147 699 1375 745 agrorum
1387 690 1440 730 et
1455 682 1715 728 dimidium

218 784 382 814 rerum
408 771 630 813 omnium
662 771 979 830 promittenti
1013 773 1043 794 “
1061 766 1182 824 Eo,''
1211 770 1392 829 inquit,
1417 770 1716 829 “proposito

217 855 270 897 in
295 851 466 897 Asiam
491 856 622 909 veni,
648 858 704 898 ut
729 869 828 898 non
862 851 914 898 id
946 855 1242 914 acciperem,
1266 850 1401 914 quod
1434 851 1716 908 dedissetis,

218 936 307 983 sed
366 943 425 983 ut
480 937 532 983 id
592 936 861 994 haberetis,
919 937 1052 999 quod
1108 935 1467 998 reliquissem.”
1574 923 1714 982 Idem

220 1020 534 1083 philosophia
568 1021 716 1068 rebus
752 1021 999 1078 omnibus,
1037 1021 1202 1066 “Non
1239 1036 1347 1067 sum
1385 1020 1479 1066 hoc
1516 1026 1715 1082 tempus

216 1112 498 1168 acceptura,
517 1105 653 1169 quod
673 1106 810 1152 vobis
829 1105 1149 1168 superfuerit,
1166 1105 1254 1152 sed
1274 1105 1326 1151 id
1345 1121 1430 1152 vos
1451 1104 1716 1164 habebitis,

218 1189 352 1252 quod
379 1193 484 1252 ipsa
506 1190 765 1237 reiecero.2
783 1189 810 1205 '’

138 1273 189 1318 ll
301 1274 478 1321 Totam
522 1274 621 1321 huc
658 1280 893 1342 converte
930 1280 1172 1332 mentem,
1210 1274 1325 1321 huic
1360 1274 1550 1331 adside,
1587 1273 1715 1321 hanc

217 1358 356 1414 cole3
414 1361 594 1422 ingens
635 1359 955 1406 intervallum
997 1361 1131 1405 inter
1171 1365 1222 1405 te
1271 1365 1323 1405 et
1371 1365 1564 1405 ceteros
1611 1348 1742 1406 fiet.³

218 1442 409 1490 Omnes
443 1443 679 1490 mortales
715 1443 876 1490 multo
911 1442 1200 1501 antecedes,
1236 1459 1335 1489 non
1373 1443 1534 1490 multo
1574 1448 1627 1490 te
1662 1443 1710 1491 di

215 1527 536 1574 antecedent.
625 1527 852 1585 Quaeris,
895 1527 1016 1590 quid
1058 1530 1193 1574 inter
1228 1533 1280 1574 te
1318 1534 1371 1573 et
1407 1527 1517 1573 illos
1559 1531 1711 1574 inter-

216 1610 440 1657 futurum
466 1612 566 1658 sit?
640 1611 840 1658 Diutius
866 1618 1027 1658 erunt.
1102 1612 1173 1658 At
1205 1610 1518 1658 mehercules
1543 1616 1710 1675 magni

213 1695 413 1742 artificis
469 1702 548 1743 est
605 1696 808 1743 clusisse
868 1702 1031 1742 totum
1091 1699 1141 1742 in
1194 1699 1389 1758 exiguo.
1493 1696 1710 1744 Tantum

213 1783 429 1842 sapienti
468 1797 572 1838 sua,
607 1787 851 1843 quantum
886 1780 983 1828 deo
1019 1784 1178 1826 omnis
1221 1787 1357 1828 aetas
1392 1788 1547 1844 patet.
1621 1782 1712 1830 Est

212 1864 420 1927 aliquid,
458 1881 557 1927 quo
598 1868 794 1927 sapiens
835 1864 1106 1912 antecedat
1147 1865 1327 1912 deum:
1381 1865 1466 1912 ille
1503 1872 1709 1914 naturae

133 1954 193 2000 12
213 1948 457 1994 beneficio
494 1965 595 1994 non
631 1952 796 2007 timet,
826 1965 914 1996 suo
949 1953 1159 2012 sapiens.
1212 1949 1362 2008 ,Ecce
1399 1967 1476 1996 res
1513 1967 1708 2014 magna,

214 2031 399 2079 habere
469 2033 853 2080 inbecillitatem
926 2033 1156 2092 hominis,
1220 2037 1540 2081 securitatem
1609 2035 1703 2084 dei.
1739 2030 1742 2033 ⁵

215 2114 528 2163 Incredibilis
553 2116 898 2179 philosophiae
932 2121 1003 2163 vis
1032 2123 1110 2164 est
1133 2117 1195 2164 ad
1221 2134 1420 2164 omnem
1451 2117 1708 2166 fortuitam

212 2203 309 2246 vim
349 2200 730 2247 retundendam.
820 2201 1027 2247 Nullum
1069 2201 1226 2247 telum
1270 2205 1319 2247 in
1357 2218 1560 2264 corpore
1602 2206 1707 2251 eius

213 2283 385 2340 sedet3
436 2289 629 2331 munita
670 2292 763 2342 est,
800 2285 968 2332 solida.
1060 2285 1318 2344 Quaedam
1367 2286 1615 2350 defetigat
1653 2291 1740 2335 et}

1735 2387 1737 2406 l

279 2440 294 2465 ¹
324 2442 466 2482 adesse
486 2440 598 2481 iubet
620 2440 773 2481 Haase
791 2458 801 2487 ;
831 2441 951 2481 adest
971 2446 1011 2482 et
1030 2442 1142 2483 iubet
1164 2441 1292 2483 MSS.
1733 2442 1742 2513 ἱ*

278 2493 296 2519 ²
323 2495 502 2535 reiecero
530 2494 737 2547 Lipsius;
767 2509 812 2535 re
839 2509 987 2546 αι’-σενι)
1008 2509 1067 2548 p;
1097 2510 1142 2536 re
1169 2511 1287 2550 eyero
1318 2497 1384 2545 L;
1412 2512 1579 2552 reefyero
1606 2499 1697 2543 PV.
1733 2521 1735 2538 ι

213 2547 367 2589 Haase
387 2548 500 2601 conj.
526 2562 720 2601 moyam,
745 2548 912 2590 Mueck
929 2550 1135 2603 releyaro,
1730 2550 1734 2630 Ι

1702 2642 1732 2780 ‘s'

1725 2805 1728 2830 ι

1698 2834 1728 2872 εἰ

212 2619 308 2662 358
