<?xml version="1.0" encoding="UTF-8"?>
<!DOCTYPE html PUBLIC "-//W3C//DTD XHTML 1.0 Transitional//EN"
    "http://www.w3.org/TR/xhtml1/DTD/xhtml1-transitional.dtd">
<html xmlns="http://www.w3.org/1999/xhtml" xml:lang="en" lang="en">
 <head>
  <title>
</title>
<meta http-equiv="Content-Type" content="text/html;charset=utf-8" />
  <meta name='ocr-system' content='tesseract 3.04.00' />
  <meta name='ocr-capabilities' content='ocr_page ocr_carea ocr_par ocr_line ocrx_word'/>
</head>
<body>
  <div class='ocr_page' id='page_1' title='image "adluciliumepistu01seneuoft_0360.png"; bbox 0 0 1742 2872; ppageno 0'>
   <div class='ocr_carea' id='block_1_1' title="bbox 484 121 1416 305">
    <p class='ocr_par' dir='ltr' id='par_1_1' title="bbox 484 121 1416 305">
     <span class='ocr_line' id='line_1_1' title="bbox 484 121 1416 170; baseline 0 -2"><span class='ocrx_word' id='word_1_1' title='bbox 484 121 632 169; x_wconf 89' lang='lat' dir='ltr'>THE</span> <span class='ocrx_word' id='word_1_2' title='bbox 668 122 989 170; x_wconf 91' lang='lat' dir='ltr'>EPISTLES</span> <span class='ocrx_word' id='word_1_3' title='bbox 1027 122 1117 168; x_wconf 92' lang='lat' dir='ltr'>OF</span> <span class='ocrx_word' id='word_1_4' title='bbox 1152 122 1416 170; x_wconf 91' lang='lat' dir='ltr'>SENECA</span> 
     </span>
     <span class='ocr_line' id='line_1_2' title="bbox 910 258 990 305; baseline 0.013 -1"><span class='ocrx_word' id='word_1_5' title='bbox 910 258 990 305; x_wconf 77' lang='lat' dir='ltr'>LI.</span> 
     </span>
    </p>
   </div>
   <div class='ocr_carea' id='block_1_2' title="bbox 557 355 1360 403">
    <p class='ocr_par' dir='ltr' id='par_1_2' title="bbox 557 355 1360 403">
     <span class='ocr_line' id='line_1_3' title="bbox 557 355 1360 403; baseline -0.001 0"><span class='ocrx_word' id='word_1_6' title='bbox 557 355 751 403; x_wconf 82' lang='lat' dir='ltr'>SENECA</span> <span class='ocrx_word' id='word_1_7' title='bbox 785 356 987 403; x_wconf 82' lang='lat' dir='ltr'>LVCILIO</span> <span class='ocrx_word' id='word_1_8' title='bbox 1023 372 1108 403; x_wconf 92' lang='lat' dir='ltr'>SVO</span> <span class='ocrx_word' id='word_1_9' title='bbox 1144 372 1360 403; x_wconf 80' lang='lat' dir='ltr'>SALVTEM</span> 
     </span>
    </p>
   </div>
   <div class='ocr_carea' id='block_1_3' title="bbox 156 443 1702 1984">
    <p class='ocr_par' dir='ltr' id='par_1_3' title="bbox 157 443 1700 1111">
     <span class='ocr_line' id='line_1_4' title="bbox 157 443 1699 506; baseline 0.001 -15"><span class='ocrx_word' id='word_1_10' title='bbox 157 451 181 499; x_wconf 90' lang='lat'>1</span> <span class='ocrx_word' id='word_1_11' title='bbox 289 444 554 503; x_wconf 83' lang='lat' dir='ltr'>Quomodo</span> <span class='ocrx_word' id='word_1_12' title='bbox 596 447 807 506; x_wconf 88' lang='lat' dir='ltr'>quisque</span> <span class='ocrx_word' id='word_1_13' title='bbox 846 449 1031 506; x_wconf 88' lang='lat' dir='ltr'>potest,</span> <span class='ocrx_word' id='word_1_14' title='bbox 1073 446 1141 489; x_wconf 93' lang='lat' dir='ltr'>mi</span> <span class='ocrx_word' id='word_1_15' title='bbox 1189 443 1378 490; x_wconf 86' lang='lat' dir='ltr'>Lucili!</span> <span class='ocrx_word' id='word_1_16' title='bbox 1469 444 1545 491; x_wconf 93' lang='lat' dir='ltr'>Tu</span> <span class='ocrx_word' id='word_1_17' title='bbox 1587 448 1699 492; x_wconf 88' lang='lat' dir='ltr'>istic</span> 
     </span>
     <span class='ocr_line' id='line_1_5' title="bbox 207 511 1698 568; baseline 0.001 -10"><span class='ocrx_word' id='word_1_18' title='bbox 207 513 361 558; x_wconf 92' lang='lat' dir='ltr'>habes</span> <span class='ocrx_word' id='word_1_19' title='bbox 381 512 617 568; x_wconf 78' lang='lat' dir='ltr'><strong>Aetnam,</strong></span> <span class='ocrx_word' id='word_1_20' title='bbox 636 511 830 557; x_wconf 91' lang='lat' dir='ltr'>editum</span> <span class='ocrx_word' id='word_1_21' title='bbox 850 511 994 557; x_wconf 90' lang='lat' dir='ltr'>illum</span> <span class='ocrx_word' id='word_1_22' title='bbox 1011 511 1095 557; x_wconf 89' lang='lat' dir='ltr'>ac1</span> <span class='ocrx_word' id='word_1_23' title='bbox 1116 511 1481 558; x_wconf 91' lang='lat' dir='ltr'>nobilissimum</span> <span class='ocrx_word' id='word_1_24' title='bbox 1499 511 1698 559; x_wconf 85' lang='lat' dir='ltr'>Siciliae</span> 
     </span>
     <span class='ocr_line' id='line_1_6' title="bbox 206 578 1699 642; baseline 0.001 -17"><span class='ocrx_word' id='word_1_25' title='bbox 206 585 448 637; x_wconf 90' lang='lat' dir='ltr'>montem,</span> <span class='ocrx_word' id='word_1_26' title='bbox 483 594 635 642; x_wconf 93' lang='lat' dir='ltr'>quem</span> <span class='ocrx_word' id='word_1_27' title='bbox 671 594 824 641; x_wconf 89' lang='lat' dir='ltr'>quare</span> <span class='ocrx_word' id='word_1_28' title='bbox 860 578 1045 624; x_wconf 81' lang='lat' dir='ltr'>dixerit</span> <span class='ocrx_word' id='word_1_29' title='bbox 1089 578 1304 624; x_wconf 84' lang='lat' dir='ltr'>Messala</span> <span class='ocrx_word' id='word_1_30' title='bbox 1340 583 1560 637; x_wconf 90' lang='lat' dir='ltr'>unicum,</span> <span class='ocrx_word' id='word_1_31' title='bbox 1595 583 1699 626; x_wconf 91' lang='lat' dir='ltr'>sive</span> 
     </span>
     <span class='ocr_line' id='line_1_7' title="bbox 206 645 1700 709; baseline 0 -17"><span class='ocrx_word' id='word_1_32' title='bbox 206 645 428 709; x_wconf 86' lang='lat' dir='ltr'>Valgius,</span> <span class='ocrx_word' id='word_1_33' title='bbox 451 645 587 708; x_wconf 89' lang='lat' dir='ltr'>apud</span> <span class='ocrx_word' id='word_1_34' title='bbox 610 651 880 708; x_wconf 88' lang='lat' dir='ltr'>utrumque</span> <span class='ocrx_word' id='word_1_35' title='bbox 913 649 1045 692; x_wconf 90' lang='lat' dir='ltr'>enim</span> <span class='ocrx_word' id='word_1_36' title='bbox 1080 645 1199 708; x_wconf 90' lang='lat' dir='ltr'>legi,</span> <span class='ocrx_word' id='word_1_37' title='bbox 1224 662 1327 691; x_wconf 91' lang='lat' dir='ltr'>non</span> <span class='ocrx_word' id='word_1_38' title='bbox 1350 649 1560 708; x_wconf 86' lang='lat' dir='ltr'>reperio,</span> <span class='ocrx_word' id='word_1_39' title='bbox 1586 663 1700 693; x_wconf 91' lang='lat' dir='ltr'>cum</span> 
     </span>
     <span class='ocr_line' id='line_1_8' title="bbox 205 712 1699 776; baseline 0 -16"><span class='ocrx_word' id='word_1_40' title='bbox 205 714 418 776; x_wconf 88' lang='lat' dir='ltr'>plurima</span> <span class='ocrx_word' id='word_1_41' title='bbox 441 712 549 759; x_wconf 90' lang='lat' dir='ltr'>loca</span> <span class='ocrx_word' id='word_1_42' title='bbox 574 718 811 759; x_wconf 92' lang='lat' dir='ltr'>evomant</span> <span class='ocrx_word' id='word_1_43' title='bbox 834 715 1023 775; x_wconf 90' lang='lat' dir='ltr'>ignem,</span> <span class='ocrx_word' id='word_1_44' title='bbox 1041 728 1144 759; x_wconf 94' lang='lat' dir='ltr'>non</span> <span class='ocrx_word' id='word_1_45' title='bbox 1168 718 1368 759; x_wconf 89' lang='lat' dir='ltr'>tantum</span> <span class='ocrx_word' id='word_1_46' title='bbox 1394 713 1546 771; x_wconf 87' lang='lat' dir='ltr'>edita,</span> <span class='ocrx_word' id='word_1_47' title='bbox 1566 713 1699 776; x_wconf 94' lang='lat' dir='ltr'>quod</span> 
     </span>
     <span class='ocr_line' id='line_1_9' title="bbox 204 779 1700 842; baseline -0.001 -15"><span class='ocrx_word' id='word_1_48' title='bbox 204 781 424 827; x_wconf 91' lang='lat' dir='ltr'>crebrius</span> <span class='ocrx_word' id='word_1_49' title='bbox 466 784 653 837; x_wconf 88' lang='lat' dir='ltr'>evenit,</span> <span class='ocrx_word' id='word_1_50' title='bbox 692 779 931 826; x_wconf 90' lang='lat' dir='ltr'>videlicet</span> <span class='ocrx_word' id='word_1_51' title='bbox 971 782 1087 842; x_wconf 83' lang='lat' dir='ltr'>quia</span> <span class='ocrx_word' id='word_1_52' title='bbox 1126 783 1257 842; x_wconf 88' lang='lat' dir='ltr'>ignis</span> <span class='ocrx_word' id='word_1_53' title='bbox 1304 783 1357 826; x_wconf 90' lang='lat' dir='ltr'>in</span> <span class='ocrx_word' id='word_1_54' title='bbox 1403 780 1700 827; x_wconf 88' lang='lat' dir='ltr'>altissimum</span> 
     </span>
     <span class='ocr_line' id='line_1_10' title="bbox 205 846 1699 910; baseline 0.001 -16"><span class='ocrx_word' id='word_1_55' title='bbox 205 847 424 905; x_wconf 89' lang='lat' dir='ltr'>effertur,</span> <span class='ocrx_word' id='word_1_56' title='bbox 440 846 530 894; x_wconf 91' lang='lat' dir='ltr'>sed</span> <span class='ocrx_word' id='word_1_57' title='bbox 549 850 699 894; x_wconf 89' lang='lat' dir='ltr'>etiam</span> <span class='ocrx_word' id='word_1_58' title='bbox 719 850 948 894; x_wconf 87' lang='lat' dir='ltr'>iacentia.</span> <span class='ocrx_word' id='word_1_59' title='bbox 1013 847 1114 894; x_wconf 91' lang='lat' dir='ltr'>Nos</span> <span class='ocrx_word' id='word_1_60' title='bbox 1130 853 1404 910; x_wconf 92' lang='lat' dir='ltr'>utcumque</span> <span class='ocrx_word' id='word_1_61' title='bbox 1425 863 1699 910; x_wconf 91' lang='lat' dir='ltr'>possumus,</span> 
     </span>
     <span class='ocr_line' id='line_1_11' title="bbox 204 913 1700 977; baseline 0.001 -16"><span class='ocrx_word' id='word_1_62' title='bbox 204 917 434 961; x_wconf 89' lang='lat' dir='ltr'>contenti</span> <span class='ocrx_word' id='word_1_63' title='bbox 452 930 622 961; x_wconf 90' lang='lat' dir='ltr'>sumus</span> <span class='ocrx_word' id='word_1_64' title='bbox 641 913 770 972; x_wconf 91' lang='lat' dir='ltr'>Bais,</span> <span class='ocrx_word' id='word_1_65' title='bbox 789 930 912 977; x_wconf 87' lang='lat' dir='ltr'>quas</span> <span class='ocrx_word' id='word_1_66' title='bbox 930 919 1131 976; x_wconf 90' lang='lat' dir='ltr'>postero</span> <span class='ocrx_word' id='word_1_67' title='bbox 1150 914 1233 961; x_wconf 92' lang='lat' dir='ltr'>die</span> <span class='ocrx_word' id='word_1_68' title='bbox 1252 930 1403 977; x_wconf 90' lang='lat' dir='ltr'>quam</span> <span class='ocrx_word' id='word_1_69' title='bbox 1421 914 1700 977; x_wconf 87' lang='lat' dir='ltr'>adtigeram</span> 
     </span>
     <span class='ocr_line' id='line_1_12' title="bbox 203 981 1700 1046; baseline 0 -17"><span class='ocrx_word' id='word_1_70' title='bbox 203 982 400 1046; x_wconf 78' lang='lat' dir='ltr'>reliqui,</span> <span class='ocrx_word' id='word_1_71' title='bbox 424 981 590 1028; x_wconf 93' lang='lat' dir='ltr'>locum</span> <span class='ocrx_word' id='word_1_72' title='bbox 614 981 679 1028; x_wconf 90' lang='lat' dir='ltr'>ob</span> <span class='ocrx_word' id='word_1_73' title='bbox 713 981 807 1027; x_wconf 92' lang='lat' dir='ltr'>hoc</span> <span class='ocrx_word' id='word_1_74' title='bbox 839 981 1184 1039; x_wconf 86' lang='lat' dir='ltr'>devitandum,</span> <span class='ocrx_word' id='word_1_75' title='bbox 1210 998 1323 1027; x_wconf 92' lang='lat' dir='ltr'>cum</span> <span class='ocrx_word' id='word_1_76' title='bbox 1347 981 1533 1029; x_wconf 91' lang='lat' dir='ltr'>habeat</span> <span class='ocrx_word' id='word_1_77' title='bbox 1557 998 1700 1045; x_wconf 83' lang='lat' dir='ltr'>quas-</span> 
     </span>
     <span class='ocr_line' id='line_1_13' title="bbox 204 1048 1700 1111; baseline 0 -15"><span class='ocrx_word' id='word_1_78' title='bbox 204 1049 321 1096; x_wconf 86' lang='lat' dir='ltr'>dam</span> <span class='ocrx_word' id='word_1_79' title='bbox 361 1048 614 1095; x_wconf 87' lang='lat' dir='ltr'>naturales</span> <span class='ocrx_word' id='word_1_80' title='bbox 653 1048 815 1106; x_wconf 89' lang='lat' dir='ltr'>dotes,</span> <span class='ocrx_word' id='word_1_81' title='bbox 857 1051 974 1111; x_wconf 90' lang='lat' dir='ltr'>quia</span> <span class='ocrx_word' id='word_1_82' title='bbox 1013 1048 1156 1094; x_wconf 90' lang='lat' dir='ltr'>illum</span> <span class='ocrx_word' id='word_1_83' title='bbox 1203 1049 1296 1095; x_wconf 91' lang='lat' dir='ltr'>sibi</span> <span class='ocrx_word' id='word_1_84' title='bbox 1343 1049 1700 1096; x_wconf 90' lang='lat' dir='ltr'>celebrandum</span> 
     </span>
    </p>

    <p class='ocr_par' dir='ltr' id='par_1_4' title="bbox 157 1114 1701 1313">
     <span class='ocr_line' id='line_1_14' title="bbox 157 1114 1700 1178; baseline -0.001 -14"><span class='ocrx_word' id='word_1_85' title='bbox 157 1120 183 1165; x_wconf 83' lang='lat'>2</span> <span class='ocrx_word' id='word_1_86' title='bbox 204 1116 399 1163; x_wconf 85' lang='lat' dir='ltr'>luxuria</span> <span class='ocrx_word' id='word_1_87' title='bbox 421 1115 714 1178; x_wconf 86' lang='lat' dir='ltr'>desumpsit.</span> <span class='ocrx_word' id='word_1_88' title='bbox 788 1120 820 1142; x_wconf 85' lang='lat'><em>“</em></span> <span class='ocrx_word' id='word_1_89' title='bbox 836 1114 974 1174; x_wconf 83' lang='lat' dir='ltr'>Quid</span> <span class='ocrx_word' id='word_1_90' title='bbox 998 1116 1154 1178; x_wconf 91' lang='lat' dir='ltr'>ergo?</span> <span class='ocrx_word' id='word_1_91' title='bbox 1227 1115 1329 1162; x_wconf 93' lang='lat' dir='ltr'>Ulli</span> <span class='ocrx_word' id='word_1_92' title='bbox 1347 1116 1457 1162; x_wconf 94' lang='lat' dir='ltr'>loco</span> <span class='ocrx_word' id='word_1_93' title='bbox 1476 1116 1700 1163; x_wconf 89' lang='lat' dir='ltr'>indicen-</span> 
     </span>
     <span class='ocr_line' id='line_1_15' title="bbox 205 1181 1699 1246; baseline 0.001 -16"><span class='ocrx_word' id='word_1_94' title='bbox 205 1183 326 1230; x_wconf 90' lang='lat' dir='ltr'>dum</span> <span class='ocrx_word' id='word_1_95' title='bbox 367 1189 446 1230; x_wconf 87' lang='lat' dir='ltr'>est</span> <span class='ocrx_word' id='word_1_96' title='bbox 485 1183 656 1229; x_wconf 83' lang='lat' dir='ltr'>odium</span> <span class='ocrx_word' id='word_1_97' title='bbox 671 1183 691 1228; x_wconf 86' lang='lat'>?</span> <span class='ocrx_word' id='word_1_98' title='bbox 707 1182 736 1199; x_wconf 87' lang='lat'><strong><em>”</em></strong></span> <span class='ocrx_word' id='word_1_99' title='bbox 821 1182 1047 1229; x_wconf 88' lang='lat' dir='ltr'>Minime.</span> <span class='ocrx_word' id='word_1_100' title='bbox 1134 1181 1234 1229; x_wconf 91' lang='lat' dir='ltr'>Sed</span> <span class='ocrx_word' id='word_1_101' title='bbox 1276 1183 1699 1246; x_wconf 88' lang='lat' dir='ltr'>quemadmodum</span> 
     </span>
     <span class='ocr_line' id='line_1_16' title="bbox 203 1250 1701 1313; baseline 0.001 -17"><span class='ocrx_word' id='word_1_102' title='bbox 203 1251 370 1313; x_wconf 89' lang='lat' dir='ltr'>aliqua</span> <span class='ocrx_word' id='word_1_103' title='bbox 404 1253 557 1297; x_wconf 88' lang='lat' dir='ltr'>vestis</span> <span class='ocrx_word' id='word_1_104' title='bbox 593 1253 809 1312; x_wconf 88' lang='lat' dir='ltr'>sapienti</span> <span class='ocrx_word' id='word_1_105' title='bbox 843 1266 902 1296; x_wconf 92' lang='lat' dir='ltr'>ac</span> <span class='ocrx_word' id='word_1_106' title='bbox 937 1250 1093 1312; x_wconf 90' lang='lat' dir='ltr'>probo</span> <span class='ocrx_word' id='word_1_107' title='bbox 1128 1253 1231 1296; x_wconf 91' lang='lat' dir='ltr'>viro</span> <span class='ocrx_word' id='word_1_108' title='bbox 1265 1253 1423 1313; x_wconf 89' lang='lat' dir='ltr'>magis</span> <span class='ocrx_word' id='word_1_109' title='bbox 1465 1254 1701 1298; x_wconf 91' lang='lat' dir='ltr'>convenit</span> 
     </span>
    </p>

    <p class='ocr_par' dir='ltr' id='par_1_5' title="bbox 167 1316 1702 1582">
     <span class='ocr_line' id='line_1_17' title="bbox 167 1316 1701 1381; baseline 0.001 -17"><span class='ocrx_word' id='word_1_110' title='bbox 167 1350 171 1354; x_wconf 86' lang='lat'><em>-</em></span> <span class='ocrx_word' id='word_1_111' title='bbox 205 1334 355 1381; x_wconf 91' lang='lat' dir='ltr'>quam</span> <span class='ocrx_word' id='word_1_112' title='bbox 379 1317 562 1380; x_wconf 88' lang='lat' dir='ltr'>aliqua,</span> <span class='ocrx_word' id='word_1_113' title='bbox 581 1334 676 1364; x_wconf 91' lang='lat' dir='ltr'>nec</span> <span class='ocrx_word' id='word_1_114' title='bbox 696 1317 854 1363; x_wconf 92' lang='lat' dir='ltr'>ullum</span> <span class='ocrx_word' id='word_1_115' title='bbox 873 1317 1091 1364; x_wconf 87' lang='lat' dir='ltr'>colorem</span> <span class='ocrx_word' id='word_1_116' title='bbox 1108 1316 1194 1363; x_wconf 92' lang='lat' dir='ltr'>ille</span> <span class='ocrx_word' id='word_1_117' title='bbox 1219 1316 1343 1375; x_wconf 91' lang='lat' dir='ltr'>odit,</span> <span class='ocrx_word' id='word_1_118' title='bbox 1369 1317 1458 1364; x_wconf 92' lang='lat' dir='ltr'>sed</span> <span class='ocrx_word' id='word_1_119' title='bbox 1481 1318 1701 1381; x_wconf 87' lang='lat' dir='ltr'>aliquem</span> 
     </span>
     <span class='ocr_line' id='line_1_18' title="bbox 206 1383 1702 1448; baseline 0.001 -17"><span class='ocrx_word' id='word_1_120' title='bbox 206 1401 380 1447; x_wconf 90' lang='lat' dir='ltr'>parum</span> <span class='ocrx_word' id='word_1_121' title='bbox 417 1391 562 1447; x_wconf 84' lang='lat' dir='ltr'>putat</span> <span class='ocrx_word' id='word_1_122' title='bbox 596 1391 773 1447; x_wconf 88' lang='lat' dir='ltr'>aptum</span> <span class='ocrx_word' id='word_1_123' title='bbox 809 1400 917 1431; x_wconf 91' lang='lat' dir='ltr'>esse</span> <span class='ocrx_word' id='word_1_124' title='bbox 953 1383 1296 1448; x_wconf 84' lang='lat' dir='ltr'>frugalitatem</span> <span class='ocrx_word' id='word_1_125' title='bbox 1338 1384 1590 1446; x_wconf 84' lang='lat' dir='ltr'>professo3</span> <span class='ocrx_word' id='word_1_126' title='bbox 1631 1388 1702 1432; x_wconf 93' lang='lat' dir='ltr'>sic</span> 
     </span>
     <span class='ocr_line' id='line_1_19' title="bbox 206 1451 1700 1515; baseline 0.001 -17"><span class='ocrx_word' id='word_1_127' title='bbox 206 1455 343 1515; x_wconf 88' lang='lat' dir='ltr'>regio</span> <span class='ocrx_word' id='word_1_128' title='bbox 367 1468 567 1515; x_wconf 93' lang='lat' dir='ltr'>quoque</span> <span class='ocrx_word' id='word_1_129' title='bbox 593 1458 686 1508; x_wconf 90' lang='lat' dir='ltr'>est,</span> <span class='ocrx_word' id='word_1_130' title='bbox 711 1467 861 1514; x_wconf 91' lang='lat' dir='ltr'>quam</span> <span class='ocrx_word' id='word_1_131' title='bbox 885 1455 1083 1514; x_wconf 86' lang='lat' dir='ltr'>sapiens</span> <span class='ocrx_word' id='word_1_132' title='bbox 1108 1455 1182 1497; x_wconf 90' lang='lat' dir='ltr'>vir</span> <span class='ocrx_word' id='word_1_133' title='bbox 1203 1457 1292 1498; x_wconf 89' lang='lat' dir='ltr'>aut</span> <span class='ocrx_word' id='word_1_134' title='bbox 1315 1451 1380 1498; x_wconf 90' lang='lat' dir='ltr'>ad</span> <span class='ocrx_word' id='word_1_135' title='bbox 1403 1455 1700 1515; x_wconf 86' lang='lat' dir='ltr'>sapientiam</span> 
     </span>
     <span class='ocr_line' id='line_1_20' title="bbox 205 1518 1697 1582; baseline 0 -16"><span class='ocrx_word' id='word_1_136' title='bbox 205 1519 423 1566; x_wconf 90' lang='lat' dir='ltr'>tendens</span> <span class='ocrx_word' id='word_1_137' title='bbox 465 1519 688 1566; x_wconf 91' lang='lat' dir='ltr'>declinet</span> <span class='ocrx_word' id='word_1_138' title='bbox 729 1525 986 1582; x_wconf 87' lang='lat' dir='ltr'>tamquam</span> <span class='ocrx_word' id='word_1_139' title='bbox 1026 1518 1242 1565; x_wconf 86' lang='lat' dir='ltr'>alienam</span> <span class='ocrx_word' id='word_1_140' title='bbox 1282 1519 1424 1566; x_wconf 86' lang='lat' dir='ltr'>bonis</span> <span class='ocrx_word' id='word_1_141' title='bbox 1465 1520 1697 1566; x_wconf 89' lang='lat' dir='ltr'>moribus.</span> 
     </span>
    </p>

    <p class='ocr_par' dir='ltr' id='par_1_6' title="bbox 156 1585 1700 1918">
     <span class='ocr_line' id='line_1_21' title="bbox 156 1585 1699 1650; baseline -0.001 -15"><span class='ocrx_word' id='word_1_142' title='bbox 156 1592 184 1637; x_wconf 88' lang='lat'><strong>3</strong></span> <span class='ocrx_word' id='word_1_143' title='bbox 208 1586 386 1650; x_wconf 90' lang='lat' dir='ltr'>Itaque</span> <span class='ocrx_word' id='word_1_144' title='bbox 405 1586 470 1633; x_wconf 91' lang='lat' dir='ltr'>de</span> <span class='ocrx_word' id='word_1_145' title='bbox 495 1602 692 1633; x_wconf 90' lang='lat' dir='ltr'>secessu</span> <span class='ocrx_word' id='word_1_146' title='bbox 712 1589 938 1649; x_wconf 89' lang='lat' dir='ltr'>cogitans</span> <span class='ocrx_word' id='word_1_147' title='bbox 956 1602 1231 1649; x_wconf 91' lang='lat' dir='ltr'>numquam</span> <span class='ocrx_word' id='word_1_148' title='bbox 1251 1585 1509 1649; x_wconf 89' lang='lat' dir='ltr'>Canopum</span> <span class='ocrx_word' id='word_1_149' title='bbox 1527 1587 1699 1650; x_wconf 89' lang='lat' dir='ltr'>eliget,</span> 
     </span>
     <span class='ocr_line' id='line_1_22' title="bbox 204 1652 1700 1717; baseline 0.001 -17"><span class='ocrx_word' id='word_1_150' title='bbox 204 1657 428 1717; x_wconf 89' lang='lat' dir='ltr'>quamvis</span> <span class='ocrx_word' id='word_1_151' title='bbox 453 1657 709 1700; x_wconf 88' lang='lat' dir='ltr'>neminem</span> <span class='ocrx_word' id='word_1_152' title='bbox 733 1652 963 1716; x_wconf 84' lang='lat' dir='ltr'>Canopus</span> <span class='ocrx_word' id='word_1_153' title='bbox 989 1669 1100 1700; x_wconf 89' lang='lat' dir='ltr'>esse</span> <span class='ocrx_word' id='word_1_154' title='bbox 1127 1652 1260 1716; x_wconf 86' lang='lat' dir='ltr'>frugi</span> <span class='ocrx_word' id='word_1_155' title='bbox 1284 1659 1442 1712; x_wconf 89' lang='lat' dir='ltr'>vetet,</span> <span class='ocrx_word' id='word_1_156' title='bbox 1466 1670 1532 1700; x_wconf 91' lang='lat' dir='ltr'>ne</span> <span class='ocrx_word' id='word_1_157' title='bbox 1558 1653 1700 1702; x_wconf 90' lang='lat' dir='ltr'>Baias</span> 
     </span>
     <span class='ocr_line' id='line_1_23' title="bbox 204 1714 1700 1785; baseline 0 -17"><span class='ocrx_word' id='word_1_158' title='bbox 204 1721 439 1785; x_wconf 85' lang='lat' dir='ltr'>quidem3</span> <span class='ocrx_word' id='word_1_159' title='bbox 475 1720 815 1767; x_wconf 88' lang='lat' dir='ltr'>deversorium</span> <span class='ocrx_word' id='word_1_160' title='bbox 833 1714 1067 1767; x_wconf 81' lang='lat' dir='ltr'>vitiorum</span> <span class='ocrx_word' id='word_1_161' title='bbox 1090 1736 1199 1767; x_wconf 90' lang='lat' dir='ltr'>esse</span> <span class='ocrx_word' id='word_1_162' title='bbox 1225 1727 1514 1783; x_wconf 90' lang='lat' dir='ltr'>coeperunt.</span> <span class='ocrx_word' id='word_1_163' title='bbox 1590 1721 1700 1768; x_wconf 89' lang='lat' dir='ltr'>Illic</span> 
     </span>
     <span class='ocr_line' id='line_1_24' title="bbox 204 1787 1700 1852; baseline -0.001 -17"><span class='ocrx_word' id='word_1_164' title='bbox 204 1789 298 1836; x_wconf 92' lang='lat' dir='ltr'>sibi</span> <span class='ocrx_word' id='word_1_165' title='bbox 322 1788 592 1851; x_wconf 91' lang='lat' dir='ltr'>plurimum</span> <span class='ocrx_word' id='word_1_166' title='bbox 610 1787 805 1834; x_wconf 88' lang='lat' dir='ltr'>luxuria</span> <span class='ocrx_word' id='word_1_167' title='bbox 828 1791 1095 1850; x_wconf 89' lang='lat' dir='ltr'>permittit,</span> <span class='ocrx_word' id='word_1_168' title='bbox 1114 1787 1232 1845; x_wconf 91' lang='lat' dir='ltr'>illic,</span> <span class='ocrx_word' id='word_1_169' title='bbox 1258 1794 1513 1850; x_wconf 90' lang='lat' dir='ltr'>tamquam</span> <span class='ocrx_word' id='word_1_170' title='bbox 1536 1788 1700 1852; x_wconf 88' lang='lat' dir='ltr'>aliqua</span> 
     </span>
     <span class='ocr_line' id='line_1_25' title="bbox 204 1854 1253 1918; baseline -0.001 -16"><span class='ocrx_word' id='word_1_171' title='bbox 204 1855 409 1902; x_wconf 90' lang='lat' dir='ltr'>licentia</span> <span class='ocrx_word' id='word_1_172' title='bbox 432 1855 679 1902; x_wconf 89' lang='lat' dir='ltr'>debeatur</span> <span class='ocrx_word' id='word_1_173' title='bbox 701 1855 827 1913; x_wconf 92' lang='lat' dir='ltr'>loco,</span> <span class='ocrx_word' id='word_1_174' title='bbox 852 1858 1010 1918; x_wconf 88' lang='lat' dir='ltr'>magis</span> <span class='ocrx_word' id='word_1_175' title='bbox 1035 1854 1253 1901; x_wconf 87' lang='lat' dir='ltr'>solvitur.</span> 
     </span>
    </p>

    <p class='ocr_par' dir='ltr' id='par_1_7' title="bbox 156 1922 1698 1984">
     <span class='ocr_line' id='line_1_26' title="bbox 156 1922 1698 1984; baseline 0 -15"><span class='ocrx_word' id='word_1_176' title='bbox 156 1929 186 1976; x_wconf 85' lang='lat'>4</span> <span class='ocrx_word' id='word_1_177' title='bbox 291 1923 406 1969; x_wconf 92' lang='lat' dir='ltr'>Non</span> <span class='ocrx_word' id='word_1_178' title='bbox 437 1929 638 1969; x_wconf 90' lang='lat' dir='ltr'>tantum</span> <span class='ocrx_word' id='word_1_179' title='bbox 669 1925 877 1984; x_wconf 83' lang='lat' dir='ltr'>corpori,</span> <span class='ocrx_word' id='word_1_180' title='bbox 902 1922 991 1969; x_wconf 90' lang='lat' dir='ltr'>sed</span> <span class='ocrx_word' id='word_1_181' title='bbox 1024 1925 1178 1968; x_wconf 88' lang='lat' dir='ltr'>etiam</span> <span class='ocrx_word' id='word_1_182' title='bbox 1209 1922 1427 1968; x_wconf 91' lang='lat' dir='ltr'>moribus</span> <span class='ocrx_word' id='word_1_183' title='bbox 1451 1922 1698 1969; x_wconf 88' lang='lat' dir='ltr'>salubrem</span> 
     </span>
    </p>
   </div>
   <div class='ocr_carea' id='block_1_4' title="bbox 272 2007 1605 2055">
    <p class='ocr_par' dir='ltr' id='par_1_8' title="bbox 272 2007 1605 2055">
     <span class='ocr_line' id='line_1_27' title="bbox 272 2007 1605 2055; baseline 0.001 -5"><span class='ocrx_word' id='word_1_184' title='bbox 272 2009 287 2034; x_wconf 83' lang='lat'>1</span> <span class='ocrx_word' id='word_1_185' title='bbox 316 2009 478 2050; x_wconf 75' lang='lat' dir='ltr'>editum</span> <span class='ocrx_word' id='word_1_186' title='bbox 496 2009 623 2050; x_wconf 80' lang='lat' dir='ltr'>illwm</span> <span class='ocrx_word' id='word_1_187' title='bbox 641 2023 692 2050; x_wconf 82' lang='lat' dir='ltr'>ac</span> <span class='ocrx_word' id='word_1_188' title='bbox 712 2007 946 2050; x_wconf 88' lang='lat' dir='ltr'>Chatelain</span> <span class='ocrx_word' id='word_1_189' title='bbox 965 2008 1057 2049; x_wconf 91' lang='lat' dir='ltr'>and</span> <span class='ocrx_word' id='word_1_190' title='bbox 1079 2007 1262 2055; x_wconf 79' lang='lat' dir='ltr'>Hense;</span> <span class='ocrx_word' id='word_1_191' title='bbox 1292 2013 1331 2049; x_wconf 80' lang='lat' dir='ltr'>et</span> <span class='ocrx_word' id='word_1_192' title='bbox 1349 2007 1455 2049; x_wconf 75' lang='lat' dir='ltr'>ilbuo</span> <span class='ocrx_word' id='word_1_193' title='bbox 1473 2007 1605 2051; x_wconf 91' lang='lat' dir='ltr'>MSS.</span> 
     </span>
    </p>
   </div>
   <div class='ocr_carea' id='block_1_5' title="bbox 203 2085 1742 2560">
    <p class='ocr_par' dir='ltr' id='par_1_9' title="bbox 204 2085 1742 2407">
     <span class='ocr_line' id='line_1_28' title="bbox 270 2085 1698 2128; baseline 0 -1"><span class='ocrx_word' id='word_1_194' title='bbox 270 2094 292 2114; x_wconf 81' lang='lat'>‘²</span> <span class='ocrx_word' id='word_1_195' title='bbox 318 2086 440 2128; x_wconf 89' lang='lat' dir='ltr'>Etna</span> <span class='ocrx_word' id='word_1_196' title='bbox 471 2098 563 2127; x_wconf 87' lang='lat' dir='ltr'>was</span> <span class='ocrx_word' id='word_1_197' title='bbox 597 2085 649 2127; x_wconf 88' lang='lat' dir='ltr'>of</span> <span class='ocrx_word' id='word_1_198' title='bbox 682 2098 730 2127; x_wconf 91' lang='lat' dir='ltr'>es</span> <span class='ocrx_word' id='word_1_199' title='bbox 764 2086 875 2127; x_wconf 88' lang='lat' dir='ltr'>ecial</span> <span class='ocrx_word' id='word_1_200' title='bbox 913 2087 1099 2127; x_wconf 89' lang='lat' dir='ltr'>interest</span> <span class='ocrx_word' id='word_1_201' title='bbox 1134 2088 1183 2126; x_wconf 85' lang='lat' dir='ltr'>to</span> <span class='ocrx_word' id='word_1_202' title='bbox 1222 2085 1433 2128; x_wconf 88' lang='lat' dir='ltr'>Lucilius.</span> <span class='ocrx_word' id='word_1_203' title='bbox 1515 2085 1698 2127; x_wconf 87' lang='lat' dir='ltr'>Besides</span> 
     </span>
     <span class='ocr_line' id='line_1_29' title="bbox 204 2139 1699 2194; baseline -0.001 -12"><span class='ocrx_word' id='word_1_204' title='bbox 204 2141 339 2194; x_wconf 88' lang='lat' dir='ltr'>being</span> <span class='ocrx_word' id='word_1_205' title='bbox 357 2155 385 2181; x_wconf 86' lang='lat' dir='ltr'>a</span> <span class='ocrx_word' id='word_1_206' title='bbox 404 2139 637 2183; x_wconf 86' lang='lat' dir='ltr'>Governor</span> <span class='ocrx_word' id='word_1_207' title='bbox 661 2141 707 2181; x_wconf 93' lang='lat' dir='ltr'>in</span> <span class='ocrx_word' id='word_1_208' title='bbox 769 2140 887 2193; x_wconf 85' lang='lat' dir='ltr'>icily‚</span> <span class='ocrx_word' id='word_1_209' title='bbox 908 2139 966 2181; x_wconf 91' lang='lat' dir='ltr'>he</span> <span class='ocrx_word' id='word_1_210' title='bbox 992 2153 1098 2193; x_wconf 84' lang='lat' dir='ltr'>may</span> <span class='ocrx_word' id='word_1_211' title='bbox 1117 2139 1232 2180; x_wconf 87' lang='lat' dir='ltr'>have</span> <span class='ocrx_word' id='word_1_212' title='bbox 1259 2141 1436 2180; x_wconf 83' lang='lat' dir='ltr'>written</span> <span class='ocrx_word' id='word_1_213' title='bbox 1463 2139 1541 2181; x_wconf 91' lang='lat' dir='ltr'>the</span> <span class='ocrx_word' id='word_1_214' title='bbox 1568 2153 1699 2193; x_wconf 93' lang='lat' dir='ltr'>poem</span> 
     </span>
     <span class='ocr_line' id='line_1_30' title="bbox 204 2193 1694 2247; baseline -0.001 -11"><span class='ocrx_word' id='word_1_215' title='bbox 204 2195 365 2236; x_wconf 79' lang='lat' dir='ltr'>Aetna.</span> <span class='ocrx_word' id='word_1_216' title='bbox 427 2193 514 2235; x_wconf 89' lang='lat' dir='ltr'>For</span> <span class='ocrx_word' id='word_1_217' title='bbox 534 2193 742 2236; x_wconf 85' lang='lat' dir='ltr'>Seneca’s</span> <span class='ocrx_word' id='word_1_218' title='bbox 762 2207 862 2235; x_wconf 89' lang='lat' dir='ltr'>own</span> <span class='ocrx_word' id='word_1_219' title='bbox 882 2195 1096 2247; x_wconf 84' lang='lat' dir='ltr'>curiosity</span> <span class='ocrx_word' id='word_1_220' title='bbox 1111 2193 1349 2247; x_wconf 88' lang='lat' dir='ltr'>regarding</span> <span class='ocrx_word' id='word_1_221' title='bbox 1366 2193 1445 2235; x_wconf 91' lang='lat' dir='ltr'>the</span> <span class='ocrx_word' id='word_1_222' title='bbox 1464 2195 1694 2235; x_wconf 88' lang='lat' dir='ltr'>mountain</span> 
     </span>
     <span class='ocr_line' id='line_1_31' title="bbox 204 2248 1742 2364; baseline -0.001 -20"><span class='ocrx_word' id='word_1_223' title='bbox 204 2262 412 2344; x_wconf 51' lang='grc' dir='ltr'>ροῐὲηἰὲἑῗ</span> <span class='ocrx_word' id='word_1_224' title='bbox 429 2248 838 2355; x_wconf 46' lang='grc' dir='ltr'>ἐξίτιξὲχῂἒὲἷὲε,</span> <span class='ocrx_word' id='word_1_225' title='bbox 859 2301 950 2342; x_wconf 89' lang='lat' dir='ltr'>and</span> <span class='ocrx_word' id='word_1_226' title='bbox 977 2313 1127 2342; x_wconf 87' lang='lat' dir='ltr'>across</span> <span class='ocrx_word' id='word_1_227' title='bbox 1153 2300 1231 2364; x_wconf 75' lang='lat' dir='ltr'>the</span> <span class='ocrx_word' id='word_1_228' title='bbox 1251 2300 1340 2354; x_wconf 85' lang='lat' dir='ltr'>bay</span> <span class='ocrx_word' id='word_1_229' title='bbox 1361 2300 1476 2342; x_wconf 86' lang='lat' dir='ltr'>from</span> <span class='ocrx_word' id='word_1_230' title='bbox 1507 2301 1693 2343; x_wconf 84' lang='lat' dir='ltr'>Puteoli.</span> <span class='ocrx_word' id='word_1_231' title='bbox 1738 2327 1742 2342; x_wconf 88' lang='grc'><strong>.</strong></span> 
     </span>
     <span class='ocr_line' id='line_1_32' title="bbox 206 2354 1742 2407; baseline -0.001 -10"><span class='ocrx_word' id='word_1_232' title='bbox 206 2356 249 2398; x_wconf 92' lang='lat' dir='ltr'>It</span> <span class='ocrx_word' id='word_1_233' title='bbox 267 2370 358 2397; x_wconf 89' lang='lat' dir='ltr'>was</span> <span class='ocrx_word' id='word_1_234' title='bbox 378 2370 406 2398; x_wconf 89' lang='lat' dir='ltr'>a</span> <span class='ocrx_word' id='word_1_235' title='bbox 424 2355 704 2397; x_wconf 88' lang='lat' dir='ltr'>fashionable</span> <span class='ocrx_word' id='word_1_236' title='bbox 722 2355 813 2396; x_wconf 89' lang='lat' dir='ltr'>and</span> <span class='ocrx_word' id='word_1_237' title='bbox 832 2355 1046 2396; x_wconf 91' lang='lat' dir='ltr'>dissolute</span> <span class='ocrx_word' id='word_1_238' title='bbox 1066 2354 1438 2407; x_wconf 82' lang='lat' dir='ltr'>waterlng-place.</span> <span class='ocrx_word' id='word_1_239' title='bbox 1738 2391 1742 2396; x_wconf 86' lang='lat'>.</span> 
     </span>
    </p>

    <p class='ocr_par' dir='ltr' id='par_1_10' title="bbox 203 2401 1742 2560">
     <span class='ocr_line' id='line_1_33' title="bbox 270 2401 1742 2458; baseline -0.003 -6"><span class='ocrx_word' id='word_1_240' title='bbox 270 2418 286 2437; x_wconf 78' lang='lat'><strong>⁰</strong></span> <span class='ocrx_word' id='word_1_241' title='bbox 314 2410 520 2452; x_wconf 90' lang='lat' dir='ltr'>Situated</span> <span class='ocrx_word' id='word_1_242' title='bbox 538 2413 587 2451; x_wconf 86' lang='lat' dir='ltr'>at</span> <span class='ocrx_word' id='word_1_243' title='bbox 605 2410 683 2451; x_wconf 91' lang='lat' dir='ltr'>the</span> <span class='ocrx_word' id='word_1_244' title='bbox 702 2409 858 2450; x_wconf 89' lang='lat' dir='ltr'>mouth</span> <span class='ocrx_word' id='word_1_245' title='bbox 879 2409 931 2450; x_wconf 88' lang='lat' dir='ltr'>of</span> <span class='ocrx_word' id='word_1_246' title='bbox 944 2409 1022 2450; x_wconf 94' lang='lat' dir='ltr'>the</span> <span class='ocrx_word' id='word_1_247' title='bbox 1038 2412 1349 2449; x_wconf 90' lang='lat' dir='ltr'>westernmost</span> <span class='ocrx_word' id='word_1_248' title='bbox 1369 2408 1535 2449; x_wconf 89' lang='lat' dir='ltr'>branch</span> <span class='ocrx_word' id='word_1_249' title='bbox 1556 2407 1608 2449; x_wconf 88' lang='lat' dir='ltr'>of</span> <span class='ocrx_word' id='word_1_250' title='bbox 1621 2407 1698 2449; x_wconf 90' lang='lat' dir='ltr'>the</span> <span class='ocrx_word' id='word_1_251' title='bbox 1735 2401 1742 2458; x_wconf 78' lang='grc' dir='ltr'>Ι</span> 
     </span>
     <span class='ocr_line' id='line_1_34' title="bbox 205 2460 1742 2559; baseline 0.001 -54"><span class='ocrx_word' id='word_1_252' title='bbox 205 2464 435 2559; x_wconf 59' lang='lat' dir='ltr'>Nileae&#39;zland</span> <span class='ocrx_word' id='word_1_253' title='bbox 457 2463 706 2518; x_wconf 86' lang='lat' dir='ltr'>proverbial</span> <span class='ocrx_word' id='word_1_254' title='bbox 731 2465 777 2504; x_wconf 87' lang='lat' dir='ltr'>in</span> <span class='ocrx_word' id='word_1_255' title='bbox 809 2463 943 2504; x_wconf 92' lang='lat' dir='ltr'>Latin</span> <span class='ocrx_word' id='word_1_256' title='bbox 971 2463 1200 2504; x_wconf 81' lang='lat' dir='ltr'>literature</span> <span class='ocrx_word' id='word_1_257' title='bbox 1230 2462 1300 2503; x_wconf 91' lang='lat' dir='ltr'>for</span> <span class='ocrx_word' id='word_1_258' title='bbox 1318 2462 1397 2503; x_wconf 89' lang='lat' dir='ltr'>the</span> <span class='ocrx_word' id='word_1_259' title='bbox 1415 2462 1555 2515; x_wconf 88' lang='lat' dir='ltr'>laxity</span> <span class='ocrx_word' id='word_1_260' title='bbox 1574 2462 1625 2503; x_wconf 85' lang='lat' dir='ltr'>of</span> <span class='ocrx_word' id='word_1_261' title='bbox 1640 2463 1697 2503; x_wconf 87' lang='lat' dir='ltr'>its</span> <span class='ocrx_word' id='word_1_262' title='bbox 1734 2460 1742 2506; x_wconf 64' lang='lat' dir='ltr'>l</span> 
     </span>
     <span class='ocr_line' id='line_1_35' title="bbox 203 2531 380 2560; baseline 0.006 -1"><span class='ocrx_word' id='word_1_263' title='bbox 203 2531 299 2559; x_wconf 86' lang='lat' dir='ltr'>mor</span> <span class='ocrx_word' id='word_1_264' title='bbox 344 2531 380 2560; x_wconf 91' lang='lat' dir='ltr'>s.</span> 
     </span>
    </p>
   </div>
   <div class='ocr_carea' id='block_1_6' title="bbox 205 2581 303 2630">
    <p class='ocr_par' dir='ltr' id='par_1_11' title="bbox 205 2581 303 2630">
     <span class='ocr_line' id='line_1_36' title="bbox 205 2581 303 2630; baseline -0.01 0"><span class='ocrx_word' id='word_1_265' title='bbox 205 2581 303 2630; x_wconf 83' lang='lat'>336</span> 
     </span>
    </p>
   </div>
   <div class='ocr_carea' id='block_1_7' title="bbox 1726 2547 1742 2872">
    <p class='ocr_par' dir='ltr' id='par_1_12' title="bbox 1726 2547 1742 2872">
     <span class='ocr_line' id='line_1_37' title="bbox 1726 2547 1742 2872; baseline 0 0"><span class='ocrx_word' id='word_1_266' title='bbox 1726 2547 1742 2872; x_wconf 95' lang='lat' dir='ltr'> </span> 
     </span>
    </p>
   </div>
  </div>
 </body>
</html>
