1742 2872
520 139 667 185 THE
703 138 1023 186 EPISTLES
1060 139 1150 186 OF
1186 138 1451 186 SENECA

239 250 384 293 citius
423 251 473 293 in
516 248 686 293 odium
726 253 864 294 venit
901 265 1049 310 quam
1089 248 1245 305 dolor,
1281 251 1366 310 qui
1405 264 1578 294 recens
1617 264 1674 294 co
1708 246 1735 304 js*

240 315 505 360 solatorem
530 318 723 361 invenit
743 321 796 362 et
813 315 1004 377 aliquos
1029 314 1091 360 ad
1112 331 1165 361 se
1183 315 1406 372 adducit,
1425 318 1673 361 inveterat
1703 351 1706 354 .
1726 316 1733 358 ἶ

241 397 357 427 vero
394 381 670 439 deridetur,
702 398 796 428 nec
829 386 1076 429 inmerito.
1169 383 1273 427 Aut
1306 385 1441 428 enim
1473 382 1675 429 simulat
1702 386 1720 423 ι’

239 454 328 494 aut
352 448 536 494 stultus
562 455 651 495 est.

160 517 218 561 14
326 515 468 561 Haec
494 515 586 561 tibi
611 516 771 561 scribo
794 519 852 573 is,
870 519 955 578 qui
976 517 1242 562 Annaeum
1267 514 1527 573 Serenum,
1547 518 1730 582 caris

239 598 378 627 mum
401 581 541 640 mihi,
560 589 665 629 tam
683 582 931 629 inmodice
951 582 1079 640 flevi,
1098 589 1172 641 ut,
1191 582 1325 645 quod
1342 585 1548 628 minime
1568 582 1664 629 veli
1695 606 1742 628 ι

240 652 374 695 inter
405 649 636 711 exempla
668 653 761 696 sim
794 666 982 707 eorum,
1006 666 1129 712 quos
1162 650 1302 696 dolor
1334 652 1466 696 vicit.
1566 649 1742 697 Hod'-

240 722 410 762 autem
447 715 636 763 factum
671 733 841 763 meum
876 717 1059 763 damno
1095 723 1149 763 et
1183 717 1429 778 intellego
1468 720 1669 763 maxim
1695 723 1715 758 ι’

241 782 366 828 mihi
391 799 588 830 causam
614 787 683 829 sic
710 783 918 846 lugendi
951 783 1120 842 fuisse,
1144 783 1279 847 quod
1303 800 1575 846 numquam
1601 799 1659 830 co
1736 784 1738 786 ’

243 856 462 896 taveram
488 855 611 897 mori
641 867 756 898 eum
787 858 908 898 ante
937 868 1018 898 me
1051 867 1208 914 posse.
1287 851 1400 896 Hoc
1432 867 1588 897 unum
1611 854 1680 897 mi
1695 875 1703 906 ι,

242 918 552 975 occurrebat,
567 922 810 965 minorem
831 934 938 965 esse
955 925 1009 965 et
1026 918 1187 964 multo
1202 922 1464 975 minorem,
1479 924 1669 981 tamqu.
1697 945 1699 949 -
1724 949 1739 975 v.

242 984 470 1031 ordinem
495 984 599 1031 fata
623 991 890 1032 servarent.
1047 1042 1049 1044 q

161 1049 219 1094 15
329 1051 507 1114 Itaque
543 1052 751 1099 adsidue
800 1055 1079 1114 cogitemus
1122 1058 1224 1098 tam
1267 1052 1331 1098 de
1373 1058 1543 1098 nostra
1583 1068 1700 1115 qua
1733 1051 1737 1086 θ’

242 1122 482 1175 omnium,
528 1135 651 1181 quos
697 1119 967 1182 diligimus,
1013 1119 1332 1166 mortalitate.
1420 1118 1562 1165 Tunc
1604 1135 1742 1183 ego-41¹

242 1184 395 1231 debui
432 1185 629 1232 dicere:
679 1192 707 1212 “
730 1186 895 1232 Minor
930 1192 1007 1233 est
1043 1186 1260 1233 Serenus
1296 1202 1467 1242 meus;
1515 1186 1635 1248 quid
1678 1208 1725 1254 ¹¹,

241 1268 347 1298 rem
384 1253 642 1314 pertinet?
714 1253 832 1300 Post
866 1270 947 1300 me
982 1257 1104 1300 mori
1142 1253 1312 1310 debet,
1348 1253 1436 1300 sed
1484 1260 1603 1300 ante
1699 1257 1728 1299 „2

243 1319 460 1381 potest.''
560 1319 692 1378 Quia
727 1337 828 1366 non
865 1320 979 1378 feci,
1015 1324 1296 1383 inparatum
1334 1320 1499 1367 subito
1535 1320 1668 1368 fortu

243 1390 501 1447 percussit.
600 1388 746 1434 Nunc
782 1391 948 1449 cogita
984 1391 1149 1434 omnia
1185 1394 1238 1434 et
1274 1387 1502 1434 mortalia
1537 1404 1644 1435 esse
1680 1389 1733 1439 οἳ

242 1456 435 1500 incerta
466 1454 581 1516 lege
614 1455 853 1501 mortalia.
943 1455 1111 1501 Hodie
1146 1454 1249 1501 fieri
1282 1461 1468 1517 potest,
1497 1446 1730 1518 quicquid

161 1518 219 1564 16
245 1536 479 1583 umquam
514 1528 694 1583 potest.
786 1521 1076 1584 Cogitemus
1109 1539 1244 1585 ergo,
1283 1522 1437 1568 Lucili
1469 1510 1731 1585 carissimi&

243 1591 344 1633 cito
415 1605 503 1634 nos
562 1605 621 1636 eo
681 1595 1022 1651 perventuros,
1077 1606 1176 1652 quo
1238 1589 1378 1635 illum
1450 1593 1693 1651 pervenis
1741 1627 1742 1632 ,

242 1670 534 1702 maeremus.
630 1655 697 1702 Et
740 1655 964 1714 fortasse,
999 1660 1038 1702 si
1076 1655 1223 1703 modo
1271 1673 1385 1703 vera
1433 1659 1703 1719 sapientiu·
1737 1658 1741 1683 ‘'

242 1719 374 1766 fama
411 1728 488 1769 est
522 1726 799 1786 recipitque
825 1739 915 1770 nos
940 1723 1077 1770 locus
1101 1723 1295 1786 aliquis,
1320 1739 1471 1787 quem
1500 1730 1670 1786 putam
1720 1748 1723 1751 ⁴

242 1792 446 1849 perisse,
472 1794 767 1851 praemissus
793 1797 882 1838 est.
958 1791 1106 1837 VALE.

398 1884 412 1910 ¹
443 1899 516 1939 eqo
536 1886 614 1927 the
632 1886 761 1928 other
781 1885 910 1928 MSS.
934 1904 945 1934 ς
975 1901 1072 1942 erqo
1094 1901 1138 1941 p,
1160 1887 1360 1941 possibly
1380 1888 1560 1941 rightly.

307 2020 326 2038 ‘²
355 2012 428 2053 An
455 2014 658 2055 intimate
683 2015 828 2055 friend
852 2015 903 2056 of
924 2015 1110 2062 Seneca,
1133 2015 1347 2069 probably
1369 2029 1396 2056 a
1416 2015 1612 2061 relative,
1635 2029 1691 2056 w
1714 2034 1721 2050 ι

241 2066 355 2118 died,
364 2068 408 2107 in
428 2066 506 2108 the
525 2081 632 2120 year
652 2071 704 2109 63
725 2069 838 2110 from
859 2071 1012 2123 eating
1032 2069 1246 2122 poisoned
1268 2069 1546 2111 mushrooms
1567 2070 1680 2123 (Plin

241 2120 299 2161 N.
320 2120 379 2161 H.
405 2122 506 2162 xxii.
532 2122 615 2173 96).
676 2121 847 2164 Seneca
866 2123 1103 2165 dedicated
1123 2127 1171 2164 to
1192 2123 1385 2165 Serenus
1406 2124 1576 2165 several
1594 2123 1646 2166 of
1684 2172 1688 2178 ¹
1717 2142 1721 2159 :

242 2173 561 2228 philosophica]
584 2189 753 2230 essays.
1727 2201 1730 2203 ,

309 2230 325 2253 ¹²
357 2228 423 2282 Cf.
444 2229 522 2270 the
541 2230 712 2283 closing
731 2231 917 2284 chapter
931 2231 982 2271 of
997 2231 1074 2272 the
1089 2230 1300 2285 Ayricola
1316 2231 1368 2272 of
1383 2231 1563 2273 Tacitus
1581 2249 1590 2273 :
1616 2232 1667 2279 si,
1725 2268 1727 2272 Α

239 2282 502 2378 εαρίεηιὶὸαὲ
532 2285 693 2337 placet,
728 2300 817 2326 non
853 2299 949 2325 <mm
982 2299 1160 2339 corpore
1194 2286 1523 2340 eaestinyuuntur
1554 2300 1625 2326 ma

241 2350 426 2380 anemae.
449 2350 472 2377 e
495 2350 532 2379 c.

242 2597 340 2646 436
