1742 2872
437 155 585 202 THE
621 153 941 201 EPISTLES
979 152 1068 200 OF
1104 151 1370 200 SENECA
1724 0 1742 232 l}

153 268 338 312 veteris
386 270 439 311 et
487 269 655 310 certae
699 278 936 324 magnam
983 261 1312 323 voluptatem,
1360 259 1450 307 sed
1497 262 1647 306 etiam

102 354 353 402 7initium
395 358 450 400 et
489 353 794 414 comparatio
835 366 1008 396 novae.
1082 348 1232 407 Quod
1269 352 1483 395 interest
1517 351 1652 395 inter
1739 343 1742 398 i

153 447 434 490 metentem
459 439 727 503 agricolam
753 444 808 485 et
832 443 1104 495 serentem,
1130 436 1224 483 hoc
1250 440 1384 483 inter
1408 452 1540 493 eum,
1565 439 1651 498 qui
1736 425 1742 551 i

152 533 368 577 amicum
406 531 599 592 paravit
635 533 689 574 et
728 529 814 589 qui
856 531 1011 588 parat.
1085 524 1289 571 Attalus
1325 523 1650 587 philosophus
1730 511 1735 515 ”

153 619 321 666 dicere
363 617 557 664 solebat
597 614 864 662 iucundius
901 630 1010 661 esse
1045 617 1262 660 amicum
1297 612 1463 659 facere
1500 629 1650 675 quam
1728 553 1742 734 1

153 707 357 765 habere,
381 704 631 769 quomodo
663 703 840 750 artifici
869 701 1134 749 iucundius
1163 704 1373 764 pingere
1398 706 1477 747 est
1501 718 1651 764 quam
1735 739 1742 757 ÷

152 799 386 859 pinxisse.
460 793 555 839 Illa
588 796 642 839 in
673 806 825 854 opere
858 806 948 836 suo
976 796 1221 852 occupata
1257 788 1541 835 sollicitudo
1575 792 1651 835 in·
1732 774 1742 814 ὲ

151 901 277 948 gens
296 883 726 930 oblectamentum
746 879 902 927 habet
919 883 974 927 in
997 884 1105 942 ipsa
1119 881 1461 940 occupatione.
1536 877 1650 924 Non
1731 866 1742 898 ⁴¹

150 988 313 1036 aeque
359 971 658 1027 delectatur,
705 972 791 1032 qui
846 969 910 1014 ab
956 983 1109 1030 opere
1165 965 1392 1028 perfecto
1439 969 1652 1012 removit

152 1077 369 1107 manum.
459 1058 565 1104 Iam
601 1056 769 1103 fructu
804 1059 925 1104 artis
961 1072 1080 1102 suae
1115 1055 1327 1110 fruitur;
1375 1057 1483 1116 ipsa
1517 1053 1650 1101 frue-

152 1150 300 1196 batur
345 1154 470 1205 arte,
507 1163 621 1193 cum
668 1149 918 1208 pingeret.
994 1144 1313 1191 Fructuosior
1359 1148 1439 1189 est
1479 1142 1650 1189 adule-

153 1241 344 1285 scentia
369 1237 655 1294 liberorum,
680 1234 770 1282 sed
795 1233 1009 1280 infantia
1033 1231 1239 1280 dulcior.

101 1332 131 1379 8
240 1326 386 1372 Nunc
419 1324 483 1371 ad
507 1326 818 1387 propositum
849 1327 1172 1369 revertamur.
1245 1319 1472 1382 SapienS,
1497 1322 1650 1366 etiam

150 1418 191 1461 si
231 1420 500 1461 contentus
536 1418 614 1459 est
649 1427 720 1470 se,
755 1417 928 1458 tamen
969 1409 1156 1456 habere
1192 1411 1407 1455 amicum
1448 1407 1574 1465 vult,
1609 1410 1649 1454 si
1719 1406 1721 1410 ⁴

151 1501 277 1549 nihil
319 1501 472 1559 aliud,
513 1507 572 1547 ut
614 1504 846 1546 exerceat
887 1501 1174 1554 amicitiam,
1215 1513 1280 1543 ne
1322 1501 1427 1542 tam
1467 1512 1650 1558 magna

151 1594 307 1650 virtus
339 1593 517 1646 iaceat,
541 1604 644 1634 non
679 1586 743 1633 ad
778 1585 891 1644 hoc,
917 1585 1051 1648 quod
1081 1584 1284 1632 dicebat
1318 1583 1563 1646 Epicurus
1596 1586 1650 1630 in
1735 1610 1737 1615 ¹

151 1677 244 1725 hac
268 1681 376 1741 ipsa
400 1675 631 1740 epistula,
651 1679 683 1702 “
698 1681 757 1722 ut
780 1674 983 1732 habeat,
1006 1676 1093 1737 qui
1117 1673 1212 1720 sibi
1235 1688 1386 1735 aegro
1404 1671 1649 1730 adsideat,

150 1771 404 1813 succurrat
421 1768 475 1811 in
493 1764 692 1811 vincula
710 1766 939 1811 coniecto
963 1761 1042 1809 vel
1066 1760 1251 1824 inopi,”
1274 1760 1363 1807 sed
1388 1765 1446 1806 ut
1463 1759 1649 1808 habeat

149 1855 385 1917 aliquem,
409 1856 489 1899 cui
524 1856 631 1914 ipse
663 1867 813 1914 aegro
848 1849 1093 1908 adsideat,
1117 1865 1270 1912 quem
1300 1851 1408 1910 ipse
1440 1851 1648 1895 circum-

149 1949 358 1990 ventum
399 1941 569 1988 hostili
605 1939 833 1987 custodia
866 1939 1062 1986 liberet.
1136 1937 1237 1996 Qui
1273 1953 1327 1984 se
1362 1943 1560 2000 spectat
1595 1944 1648 1985 et

148 2037 355 2094 propter
372 2030 467 2076 hoc
485 2029 550 2076 ad
573 2032 845 2075 amicitiam
863 2030 1019 2085 venit,
1037 2026 1168 2073 male
1188 2028 1391 2088 cogitat.
1457 2025 1646 2084 Quem-

148 2118 420 2166 admodum
462 2120 646 2179 coepit,
685 2119 755 2163 sic
796 2115 1024 2162 desinet:
1073 2117 1264 2177 paravit
1304 2117 1520 2160 amicum
1559 2114 1646 2161 ad-

148 2222 348 2254 versum
370 2204 534 2251 vincla
557 2204 777 2251 laturum
804 2218 983 2265 opem;
1019 2218 1134 2248 cum
1156 2204 1372 2264 primum
1396 2205 1648 2263 crepuerit

100 2307 128 2354 9
149 2301 344 2352 catena,
383 2292 626 2340 discedet.
717 2291 833 2338 Hae
880 2296 998 2337 sunt
1044 2292 1308 2346 amicitiae,
1350 2305 1472 2352 quas
1518 2295 1646 2336 tem-

148 2386 365 2446 porarias
406 2379 621 2444 populus
663 2378 917 2441 appellat;
966 2381 1052 2441 qui
1094 2376 1327 2424 utilitatis
1369 2393 1516 2423 causa
1560 2377 1646 2424 ad·

149 2477 378 2533 sumptus
415 2476 508 2527 est,
532 2468 726 2515 tamdiu
763 2467 999 2530 placebit,
1031 2466 1270 2529 quamdiu
1306 2465 1442 2512 utilis
1477 2465 1644 2516 fuerit.

649 2572 670 2592 ‘⁸
700 2564 830 2618 Frag.
858 2567 935 2604 175
956 2562 1146 2605 Usener.

1720 2258 1742 2442 l

1723 2461 1742 2527 ξ

150 2622 214 2670 46
1716 2567 1742 2872 Ξ
