1742 2872
456 112 602 158 THE
639 109 958 159 EPISTLES
996 110 1086 158 OF
1122 109 1387 157 SENECA

171 225 223 267 in
263 220 494 266 manibus
535 226 626 266 est.
701 218 838 277 Quid
875 218 1057 281 agam?
1128 217 1265 263 Mors
1306 233 1388 263 me
1426 219 1668 279 sequitur,
1739 227 1742 261 ὲ

86 304 153 351 10
171 301 303 365 fugit
342 305 474 357 vita;
510 299 746 347 adversus
781 299 908 346 haec
941 315 1023 345 me
1061 298 1187 345 doce
1223 297 1424 360 aliquid.
1500 297 1669 354 Effice,

170 389 229 430 ut
270 399 365 446 ego
406 388 622 428 mortem
662 398 765 427 non
806 380 1012 443 fugiam,
1048 383 1151 430 vita
1191 396 1272 426 me
1309 395 1409 425 non
1447 378 1666 440 effugiat.

171 463 450 511 Exhortare
485 462 721 509 adversus
756 461 989 516 difficilia,
1024 460 1154 507 adde
1189 459 1664 523 aequanimitatem¹

170 544 405 592 adversus
430 543 755 590 inevitabilia.
831 543 1104 605 Angustias
1138 545 1378 603 temporis
1410 544 1511 587 mei
1543 540 1667 586 laxa.

173 625 312 672 Doce
342 643 445 672 non
478 641 587 672 esse
619 628 840 687 positum
876 624 1065 670 bonum
1102 626 1234 670 vitae
1266 626 1319 669 in
1353 625 1514 685 spatio
1547 625 1670 680 eius,
1734 636 1742 664 ¹

171 706 261 754 sed
307 710 360 753 in
407 723 516 764 usu,
557 722 701 768 posse
749 705 872 762 fieri,
912 707 1065 750 immo
1114 707 1402 766 saepissime
1449 703 1571 760 fieri,
1614 708 1671 749 ut

170 790 257 851 qui
293 787 378 834 diu
416 791 556 844 vixit,
593 803 768 849 parum
804 789 996 832 vixerit.
1072 785 1168 832 Dic
1199 769 1326 831 mihi
1365 785 1670 831 dormituro:

172 867 371 915 “Potes
413 885 515 914 non
558 869 839 930 expergisci
857 867 918 922 '’;
971 865 1052 913 dic
1095 872 1420 928 experrecto:
1472 864 1670 911 “Potes

171 965 272 995 non
314 950 530 996 dormire
570 947 832 1011 amplius.”
907 947 1002 994 Dic
1044 950 1280 994 exeunti:
1331 951 1362 974 “
1380 946 1529 993 Potes
1570 962 1672 991 non

88 1027 144 1074 11
171 1030 433 1086 reverti”;
470 1030 551 1077 dic
576 1030 840 1077 redeunti:
878 1028 1078 1076 “Potes
1114 1045 1216 1075 non
1253 1027 1435 1075 exire.”
1510 1027 1671 1084 Erras,

171 1115 213 1158 si
251 1115 303 1158 in
340 1114 661 1175 navigatione
703 1117 904 1158 tantum
947 1113 1200 1158 existimas
1241 1112 1504 1156 minimum
1546 1123 1672 1165 esse,

171 1208 270 1255 quo
305 1192 369 1239 a2
409 1199 572 1240 morte
619 1196 723 1240 vita
763 1192 1047 1248 diducitur;
1099 1195 1153 1237 in
1191 1194 1327 1237 omni
1365 1190 1475 1236 loco
1510 1205 1670 1252 aeque

171 1279 328 1321 tenue
368 1273 690 1321 intervallum
732 1280 823 1321 est.
915 1274 1031 1320 Non
1072 1274 1260 1336 ubique
1301 1288 1355 1320 se
1395 1288 1526 1318 mors
1567 1277 1668 1318 tam
1740 1275 1742 1279 '

172 1371 327 1418 prope
351 1355 578 1403 ostendit
598 1372 611 1413 ;
646 1356 834 1419 ubique
861 1361 965 1402 tam
990 1371 1146 1417 prope
1172 1361 1262 1402 est.

257 1437 367 1484 Has
408 1438 646 1484 tenebras
687 1436 915 1493 discute3
958 1443 1012 1483 et
1053 1436 1246 1483 facilius
1289 1451 1349 1482 ea
1386 1434 1572 1493 trades,
1607 1433 1671 1481 ad
1738 1439 1742 1446 ¹

172 1534 302 1581 quae
326 1525 651 1581 praeparatus
675 1535 798 1565 sum.
874 1517 1078 1565 Dociles
1102 1524 1282 1565 natura
1309 1533 1400 1564 nos
1425 1515 1588 1563 edidit
1619 1521 1672 1562 et
1734 1505 1742 1528 ἁ

90 1597 146 1642 12
173 1602 419 1647 rationem
443 1599 589 1648 dedit
620 1599 971 1662 inperfectam,
995 1598 1082 1647 sed
1118 1615 1246 1663 quae
1283 1598 1452 1662 perfici
1485 1603 1667 1660 posset.
1740 1585 1742 1639 s

174 1679 255 1727 De
279 1684 471 1728 iustitia
493 1680 634 1740 mihi,
655 1681 720 1728 de
746 1685 939 1744 pietate
957 1680 1175 1744 disputa,
1195 1681 1260 1728 de
1279 1679 1588 1743 frugalitate,
1606 1678 1670 1726 de
1740 1663 1742 1666 Α

174 1762 417 1825 pudicitia
440 1769 670 1826 utraque,
689 1769 744 1811 et
767 1763 869 1821 illa,
895 1766 973 1810 cui
999 1763 1151 1810 alieni
1176 1765 1391 1825 corporis
1415 1762 1670 1808 abstinen-

172 1846 244 1889 tia
284 1850 380 1902 est,
422 1850 476 1891 et
513 1843 624 1902 hac,
665 1847 746 1891 cui
784 1847 858 1891 sui
903 1860 1032 1891 cura.
1105 1843 1156 1891 Si
1199 1859 1280 1891 me
1322 1842 1540 1890 nolueris
1582 1858 1671 1904 per

174 1924 318 1972 devia
353 1925 555 1984 ducere,
591 1925 783 1973 facilius
818 1926 883 1972 ad
919 1925 987 1983 id,
1021 1942 1120 1988 quo
1156 1924 1331 1983 tendo,
1366 1926 1666 1987 perveniam.
1731 1947 1736 1959 ·

176 2005 305 2052 Nam
329 2013 388 2054 ut
410 2010 483 2054 ait
505 2006 591 2053 ille
615 2010 852 2070 tragicus,

242 2134 256 2160 ¹
285 2136 397 2177 adde
415 2135 795 2190 aequanimitatem
815 2134 960 2177 Linde
979 2151 990 2183 ς
1020 2136 1071 2176 de
1090 2134 1426 2189 aequanimitate
1445 2133 1597 2187 pLPb.

636 2190 654 2214 ²
681 2204 710 2230 a
729 2189 877 2231 added
898 2190 959 2243 by
981 2188 1197 2231 Muretus.

176 2394 185 2403 .
240 2339 377 2433 ‘iq-Le„
398 2339 476 2380 the
498 2339 683 2380 timbers
704 2339 756 2380 of
775 2338 853 2380 the
876 2338 989 2391 ship.
1050 2337 1269 2391 Compare
1288 2336 1366 2378 the
1386 2350 1509 2378 same
1527 2336 1668 2390 figure

174 2407 257 2553 ξ’»
278 2395 537 2501 Ῑέιιῗῖἓὲὶὲὲ,
568 2447 842 2495 Phoenissae,
877 2450 956 2487 469
991 2448 1141 2488 ἁπλοῦς
1175 2447 1196 2486 ὁ
1227 2448 1347 2495 μῦθος
1380 2448 1449 2494 τῆς
1482 2447 1665 2495 ἀληθείας

231 2518 263 2542 U·

177 2571 272 2614 328
