1742 2872
490 164 636 211 THE
674 165 993 213 EPISTLES
1030 165 1121 213 oF
1156 129 1422 214 SENEcA

154 264 468 320 [Dissentio
514 275 578 320 ab
626 274 720 333 his,
767 279 853 339 qui
900 279 952 321 in
1006 276 1185 322 fluctus
1230 275 1423 322 medios
1471 279 1596 321 eunt
1649 279 1703 320 et

208 351 568 399 tumultuosam
609 354 879 415 probantes
921 357 1072 400 vitam
1115 352 1299 400 cotidie
1342 369 1454 399 cum
1495 351 1702 399 difficul-

210 430 397 475 tatibus
433 446 598 476 rerum
634 448 818 493 magno
853 435 1020 477 animo
1056 431 1420 477 conluctantur.
1473 419 1702 492 ‘Sapiens

208 506 341 554 feret
364 511 475 566 ista,
500 525 601 554 non
627 508 800 572 eliget,
827 515 881 556 et
911 509 1068 556 malet
1091 512 1144 555 in
1179 525 1303 571 paee
1329 525 1438 555 esse
1469 524 1617 571 quam
1650 510 1701 553 in

208 600 390 646 pugna.
466 585 580 631 Non
612 586 828 633 multum
862 586 1067 649 prodest
1101 590 1220 633 vitia
1244 603 1332 633 sua
1356 588 1638 649 proiecisse,
1663 588 1702 630 si

153 652 181 698 8
207 679 321 708 cum
378 662 555 709 alienis
616 664 879 710 rixandum
939 670 1030 711 est.
1118 663 1439 727 “Triginta,'’
1500 662 1701 726 inquit‚1

205 743 452 802 “tyranni
500 739 742 788 Socraten
790 745 1233 790 circumsteterunt
1280 758 1374 788 nec
1428 747 1703 804 potuerunt

204 822 427 864 animum
493 822 599 865 eius
663 819 988 882 infringere.''
1085 819 1222 877 Quid
1285 822 1516 878 interest,
1579 823 1702 881 quot

204 896 395 942 domini
451 898 587 945 sint?
659 897 882 944 Servitus
937 915 1037 944 una
1090 904 1182 944 est.
1260 898 1406 943 Hanc
1453 899 1538 960 qui
1586 912 1702 942 con-

203 978 428 1037 tempsit,
453 978 505 1020 in
531 975 846 1038 quantalibet
870 976 1019 1023 turba
1042 975 1408 1022 dominantium
1434 974 1562 1021 liber
1585 980 1677 1021 est.

152 1041 180 1087 9
289 1051 508 1115 Tempus
568 1059 647 1100 est
704 1053 950 1112 desinere,
999 1054 1087 1100 sed
1143 1057 1183 1100 si
1238 1056 1373 1115 prius
1428 1055 1702 1115 portorium

204 1129 408 1177 solvero.
483 1130 738 1178 “Initium
809 1138 887 1179 est
957 1131 1131 1178 salutis
1201 1134 1384 1177 notitia
1456 1127 1698 1192 peccati.”

204 1207 423 1271 Egregie
469 1208 594 1254 mihi
635 1208 731 1256 hoc
771 1208 955 1256 dixisse
998 1209 1199 1256 videtur
1239 1209 1496 1271 Epicurus.
1573 1207 1700 1252 Nam

203 1289 288 1348 qui
313 1301 521 1348 peccare
555 1302 608 1333 se
636 1289 815 1344 nescit,
841 1290 1019 1350 corrigi
1050 1303 1152 1332 non
1178 1286 1314 1342 vult3
1352 1284 1700 1347 deprehendas

121 1350 181 1397 10
202 1369 256 1410 te
293 1370 510 1426 oportet,
539 1370 814 1428 antequam
850 1365 1104 1412 emendes.
1180 1364 1399 1423 Quidam
1424 1367 1557 1410 vitiis
1593 1363 1699 1425 glo-

202 1445 421 1498 riantur3
457 1449 514 1489 tu
535 1446 790 1489 existimas
809 1442 999 1506 aliquid
1019 1442 1083 1489 de
1104 1442 1327 1489 remedio
1353 1444 1589 1504 cogitare,
1614 1444 1699 1503 qui

202 1519 333 1566 mala
369 1536 458 1567 sua
492 1524 737 1567 virtutum
772 1520 882 1567 loco
918 1522 1223 1567 numerant?
1293 1519 1416 1566 Ideo
1453 1525 1698 1582 quantum

204 1603 364 1659 potes,
405 1604 459 1645 te
507 1601 615 1660 ipse
658 1615 889 1661 coargue,
932 1602 1127 1661 inquire
1170 1602 1223 1644 in
1269 1604 1352 1654 te;
1401 1599 1698 1644 accusatoris

202 1677 418 1737 primum
453 1676 678 1737 partibus
714 1676 945 1738 fungere,
975 1676 1162 1723 deinde
1204 1676 1397 1733 iudicis,
1434 1677 1698 1722 novissime

201 1753 555 1816 deprecatoris.
629 1754 919 1818 Aliquando
943 1761 998 1801 te
1023 1753 1234 1801 offende.
1278 1753 1427 1800 VALE.

545 2064 739 2112 SENECA
777 2066 979 2113 chlLlo
1015 2081 1100 2112 SVO
1135 2080 1353 2111 SALVTEM

150 2166 171 2214 Ῑ
286 2182 365 2230 De
413 2183 706 2230 Marcellino
753 2189 923 2230 nostro
959 2186 1154 2246 quaeris
1190 2189 1243 2230 et
1278 2186 1350 2230 vis
1397 2186 1538 2242 scire,
1573 2187 1657 2246 qui

198 2267 328 2324 agat.
406 2261 531 2308 Raro
555 2261 619 2308 ad
643 2278 733 2308 nos
752 2265 907 2319 venit,
928 2278 1026 2307 non
1052 2261 1153 2307 ulla
1176 2260 1272 2307 alia
1295 2277 1358 2307 ex
1382 2277 1528 2308 causa
1545 2278 1643 2324 qua

199 2339 334 2402 quod
366 2339 537 2386 audire
564 2356 736 2387 verum
769 2343 934 2396 timet,
958 2356 987 2384 a
1018 2355 1117 2401 quo
1150 2338 1371 2400 periculo
1404 2342 1502 2386 iam
1533 2340 1693 2401 abest·

656 2424 669 2449 ¹
698 2425 840 2478 inquit
858 2438 888 2478 p
906 2441 918 2472 ς
945 2424 1088 2478 inquis
1109 2423 1229 2465 LPb.

694 2519 714 2537 α
746 2511 875 2563 Frag.
899 2513 980 2551 522
1001 2510 1191 2552 Usener.

504 2566 522 2592 ὁ
548 2567 638 2612 i.e.,
660 2565 809 2605 refuse
828 2578 942 2618 your
960 2578 1059 2605 own
1081 2566 1386 2607 intercessiom

201 2637 297 2678 202
