1742 2872
513 140 660 186 THE
696 139 1018 187 EPISTLES
1054 139 1160 187 OF.
1181 138 1448 187 SENECA

149 250 209 298 15
316 247 557 294 Differam
592 247 686 294 hoc
720 251 774 294 in
809 251 1121 310 praesentia;
1157 246 1411 294 desiderat
1446 250 1580 292 enim
1616 262 1725 308 pro-

231 318 389 377 priam
405 321 459 361 et
473 315 676 378 longam
695 318 1086 371 exsecutionem,
1102 313 1524 377 quemadmodum
1543 313 1728 375 populo

232 382 595 440 disserendum,
620 382 742 445 quid
771 383 863 428 sibi
896 381 1030 445 apud
1062 381 1303 444 populum
1332 380 1725 443 permittendum

231 452 313 507 sit,
338 449 460 512 quid
491 449 677 512 populo
709 449 844 511 apud
879 465 946 496 se.
1021 448 1274 494 Damnum
1309 447 1515 510 quidem
1550 447 1728 494 fecisse

231 515 598 578 philosophiam
632 532 734 562 non
771 519 866 563 erit
901 516 1126 573 dubium,
1162 521 1426 578 postquam
1460 517 1730 577 prostituta

232 589 323 630 est.
397 583 499 630 Sed
517 590 687 645 potest
710 586 764 629 in
787 583 1131 645 penetralibus
1156 586 1256 629 suis
1280 582 1496 639 ostendi,
1515 585 1555 628 si
1580 581 1728 627 modo

232 666 334 696 non
359 654 659 708 institorem,
684 650 774 698 sed
797 654 1079 697 antistitem
1103 656 1287 696 nancta
1311 655 1401 696 est.
1474 648 1624 695 VALE.

908 818 1048 865 LIII.

571 916 765 964 SENECA
805 917 1006 964 LVCILIO
1043 932 1127 963 SVO
1164 932 1381 963 SALVTEM

183 1018 207 1068 l
317 1015 457 1075 Quid
491 1032 593 1062 non
629 1021 798 1078 potest
833 1015 955 1062 mihi
992 1015 1295 1078 persuaderi,
1326 1019 1406 1062 cui
1441 1032 1730 1078 persuasum

234 1089 313 1130 est
336 1090 395 1130 ut
426 1085 750 1146 navigarem?
819 1082 954 1130 Solvi
986 1086 1110 1129 mari
1144 1083 1396 1146 languido.
1470 1084 1592 1130 Erat
1624 1086 1729 1130 sine

235 1151 387 1198 dubio
421 1150 615 1197 caelum
648 1166 799 1213 grave
832 1150 1042 1197 sordidis
1074 1150 1307 1208 nubibus,
1338 1166 1466 1213 quae
1502 1150 1608 1197 fere
1643 1153 1730 1197 aut

234 1221 286 1264 in
322 1234 502 1281 aquam
543 1224 632 1264 aut
670 1221 723 1264 in
765 1223 974 1264 ventum
1015 1218 1342 1265 resolvuntur.
1417 1217 1518 1264 Sed
1559 1221 1730 1280 putavi

234 1291 339 1331 tam
375 1301 533 1347 pauca
567 1284 705 1331 milia
739 1302 768 1330 a
806 1284 1124 1348 Parthenope
1166 1291 1254 1331 tua
1294 1301 1452 1348 usque
1496 1284 1732 1332 Puteolos

235 1353 421 1414 subripi
465 1368 626 1415 posse,
663 1356 887 1415 quamvis
934 1352 1086 1399 dubio
1128 1358 1182 1399 et
1221 1352 1534 1415 inpendente
1576 1352 1727 1399 caelo.

237 1419 414 1483 Itaque
440 1436 539 1483 quo
564 1419 776 1467 celerius
801 1419 1084 1478 evaderem,
1108 1423 1334 1482 protinus
1358 1436 1449 1483 per
1476 1418 1634 1467 altum
1666 1418 1730 1466 ad

184 1488 212 1534 2
237 1486 425 1533 Nesida
449 1486 621 1534 derexi
647 1490 954 1549 praecisurus
979 1503 1152 1534 omnes
1177 1491 1326 1534 sinus.
1400 1486 1522 1533 Cum
1547 1490 1646 1533 iam
1672 1503 1731 1534 eo

235 1557 600 1616 processissem,
626 1560 683 1600 ut
707 1570 819 1601 mea
842 1553 969 1600 nihil
998 1557 1283 1613 interesset,
1308 1560 1475 1601 utrum
1510 1557 1635 1601 irem
1667 1571 1731 1600 an

234 1620 467 1679 redirem,
490 1625 703 1684 primum
730 1621 1004 1684 aequalitas
1027 1621 1131 1680 illa,
1154 1637 1284 1685 quae
1315 1637 1397 1668 me
1430 1627 1732 1684 corruperat,

236 1691 397 1750 periit.
470 1688 710 1735 Nondum
747 1695 854 1735 erat
889 1694 1180 1751 tempestas,
1215 1689 1305 1736 sed
1341 1691 1438 1735 iam
1474 1688 1732 1735 inclinatio

235 1759 382 1802 maris
397 1772 454 1802 ac
474 1755 687 1802 subinde
707 1756 923 1803 crebrior
941 1755 1131 1804 fluctus,
1173 1755 1326 1819 Coepi
1344 1757 1732 1820 gubernatorem

201 1822 204 1824 ’
238 1839 427 1886 rogare,
447 1829 505 1870 ut
528 1839 610 1870 me
634 1827 686 1869 in
711 1823 878 1887 aliquo
901 1823 1048 1870 litore
1073 1829 1363 1886 exponeret.
1437 1823 1622 1871 Aiebat
1645 1823 1731 1870 illc

235 1906 410 1953 aspera
443 1906 551 1937 esse
584 1896 638 1937 et
670 1894 959 1953 inportuosa
990 1907 1084 1938 nec
1116 1894 1383 1954 quicquam
1413 1907 1468 1938 se
1495 1907 1655 1954 aeque
1679 1894 1730 1937 in

187 1960 215 2008 3
237 1963 544 2020 tempestate
560 1961 739 2004 timere
755 1974 905 2021 quam
921 1964 1118 2005 terram.
1161 1958 1306 2004 Peius
1322 1958 1731 2015 autemvexabar,

304 2063 324 2081 ‘²
352 2054 447 2095 The
467 2054 659 2108 poetical
684 2068 816 2095 name
844 2054 914 2096 for
940 2054 1138 2108 Naples;
1168 2055 1361 2108 perhaps
1382 2057 1417 2096 it
1444 2068 1536 2096 was
1565 2068 1676 2096 once
1704 2067 1732 2096 a

238 2112 358 2150 town
379 2122 486 2149 near
505 2109 567 2162 by
586 2108 731 2150 which
749 2122 864 2162 gave
883 2123 910 2150 a
934 2113 1027 2150 sort
1052 2109 1104 2150 of
1119 2111 1337 2150 romantic
1363 2109 1530 2150 second
1558 2109 1655 2150 title
1685 2112 1731 2150 to

237 2163 316 2204 the
336 2163 481 2215 larger
499 2164 606 2215 city.
669 2162 899 2204 Professor
911 2162 1140 2205 Summers
1156 2163 1310 2205 thinks
1321 2163 1423 2204 that
1436 2163 1526 2205 this
1543 2161 1732 2216 poetical

240 2230 385 2263 name,
408 2216 615 2270 together
634 2217 742 2258 with
764 2223 854 2264 tua,
877 2217 1095 2259 indicates
1114 2231 1142 2258 a
1165 2217 1392 2258 reference
1416 2221 1465 2258 to
1487 2231 1515 2258 a
1541 2229 1732 2271 passage

239 2271 354 2311 from
382 2270 460 2312 the
489 2284 615 2311 verse
643 2271 695 2312 of
720 2271 931 2314 Lucilius.
993 2271 1206 2325 Perhaps,
1228 2271 1448 2319 however,
1472 2277 1549 2312 tua
1575 2283 1730 2312 means

241 2325 430 2378 nothing
449 2339 571 2366 more
590 2325 699 2366 than
720 2331 749 2349 “
762 2326 841 2367 the
888 2326 982 2367 lace
997 2326 1140 2367 which
1156 2339 1247 2379 you
1261 2325 1361 2367 love
1376 2339 1426 2367 so
1441 2325 1584 2373 well‚'’
1597 2325 1731 2380 being

240 2381 283 2420 in
304 2379 382 2420 the
398 2379 766 2433 neighbourhood
785 2380 836 2420 of
888 2382 1068 2433 ompeii,
1089 2380 1168 2420 the
1188 2380 1304 2421 birth
1339 2380 1433 2421 lace
1452 2380 1504 2420 of
1520 2379 1726 2422 Lucilius,

306 2435 323 2460 ⁶
351 2433 425 2474 An
445 2434 547 2475 islet
567 2447 675 2474 near
697 2435 774 2475 the
794 2433 950 2475 mouth
977 2434 1029 2475 of
1049 2433 1128 2475 the
1153 2434 1243 2487 bay
1264 2448 1302 2474 w
1337 2436 1455 2475 erein
1483 2434 1617 2475 Baiae
1641 2446 1731 2475 was

239 2488 448 2582 {tuated
510 2487 679 2529 Puteoli
702 2501 792 2529 was
813 2501 870 2529 on
890 2488 968 2529 the
987 2489 1191 2542 opposite
1216 2488 1311 2529 side
1331 2488 1382 2529 of
1405 2489 1483 2530 the
1509 2488 1596 2541 bay
1617 2488 1742 2546 from3

281 2555 391 2584 aiae.
1740 2562 1742 2567 ⁴

241 2611 338 2654 352
