1742 2872
437 160 585 207 THE
620 158 940 207 EPISTLES
979 159 1068 206 OF
1104 157 1370 206 SENECA

156 285 308 332 quem
332 273 497 328 times,
522 286 635 316 cum
668 270 736 328 id,
761 276 968 332 propter
1001 269 1135 333 quod
1171 273 1336 326 times,
1367 285 1517 315 nemo
1553 285 1654 314 non
1705 294 1707 299 π

107 365 138 412 9
157 352 349 414 possit?
420 352 492 397 At
511 355 551 398 si
570 350 701 398 forte
721 355 774 397 in
793 367 970 398 manus
990 350 1209 398 hostium
1228 350 1480 408 incideris,
1498 352 1657 396 victor

161 438 212 478 te
232 432 348 478 duci
362 433 588 488 iubebit;
625 448 685 478 eo
700 448 903 494 nempe,
919 447 1018 494 quo
1037 431 1246 478 duceris.
1320 430 1457 490 Quid
1475 437 1529 477 te
1548 433 1656 492 ipse

158 512 349 575 decipis
386 520 439 560 et
475 513 570 560 hoc
604 530 740 560 nunc
775 516 1008 575 primum,
1045 513 1180 576 quod
1215 512 1336 559 olim
1372 512 1657 575 patiebaris,
1706 574 1711 580 ·

159 594 452 657 intellegis?
524 594 603 640 Ita
617 595 758 641 dico:
793 611 855 641 ex
871 611 971 657 quo
986 601 1134 641 natus
1154 610 1223 653 es,
1240 594 1449 641 duceris.
1514 593 1658 640 Haec

159 683 214 724 et
261 676 506 724 eiusmodi
553 676 796 723 versanda
848 679 902 722 in
948 679 1115 722 animo
1162 683 1296 733 sunt,
1345 679 1385 722 si
1432 675 1658 721 volumus
1711 696 1714 715 1

160 759 387 806 ultimam
420 758 559 804 illam
591 758 764 804 horam
797 757 980 820 placidi
1014 763 1298 819 expectare,
1324 759 1464 803 cuius
1493 761 1659 802 metus

160 855 334 886 omnes
358 840 479 886 alias
502 842 754 902 inquietas
778 838 912 885 facit.

78 931 141 979 10
246 920 348 968 Sed
373 928 431 968 ut
454 920 606 967 finem
625 920 871 983 epistulae
895 923 1150 983 inponam,
1168 923 1357 982 accipe,
1376 919 1510 983 quod
1534 918 1659 966 mihi

160 1002 404 1049 hodierno
427 1002 511 1049 die
534 1001 738 1065 placuit.
813 1002 881 1049 Et
912 1001 1006 1048 hoc
1031 1018 1230 1065 quoque
1256 1018 1318 1047 ex
1341 1001 1518 1048 alienis
1548 1001 1659 1047 hor-
1719 1020 1721 1022 ·

158 1083 280 1131 tulis
328 1089 585 1146 sumptum
632 1089 723 1130 est.
814 1083 1081 1146 “Magnae
1127 1082 1332 1129 divitiae
1381 1088 1498 1129 sunt
1545 1081 1659 1144 lege

159 1171 369 1211 naturae
429 1168 704 1227 composita
768 1163 1086 1226 paupertas.”
1182 1162 1289 1209 Lex
1346 1169 1517 1210 autem
1575 1162 1660 1208 illa

160 1252 370 1293 naturae
421 1248 516 1293 scis
569 1262 693 1308 quos
746 1245 890 1291 nobis
943 1247 1185 1291 terminos
1239 1244 1463 1291 statuat?
1545 1243 1658 1290 Non

160 1331 364 1385 esurire,
388 1343 492 1373 non
528 1329 683 1384 sitire,
709 1343 812 1373 non
845 1325 1030 1389 algere.
1106 1325 1179 1372 Ut
1202 1324 1387 1372 famem
1422 1327 1658 1388 sitimque

159 1408 400 1471 depellas,
425 1424 527 1455 non
553 1414 632 1455 est
661 1423 869 1455 necesse
894 1408 1120 1470 superbis
1151 1405 1380 1454 adsidere
1403 1406 1658 1452 liminibus

158 1506 255 1537 nec
318 1489 638 1552 supercilium
703 1505 853 1551 grave
913 1494 966 1535 et
1030 1487 1443 1534 contumeliosam
1505 1489 1658 1534 etiam

160 1571 528 1618 humanitatem
565 1574 686 1632 pati,
723 1587 826 1616 non
861 1576 939 1617 est
973 1586 1181 1616 necesse
1216 1571 1370 1615 maria
1406 1574 1658 1630 temptare
1717 1594 1722 1624 t

157 1666 254 1696 nec
279 1652 419 1712 sequi
445 1655 635 1705 castra3
671 1647 892 1711 parabile
918 1653 1012 1706 est,
1032 1647 1167 1711 quod
1191 1653 1371 1694 natura
1388 1645 1657 1703 desiderat,

75 1742 131 1789 11
160 1737 213 1778 et
258 1731 557 1794 adpositum.
631 1729 714 1777 Ad
755 1745 1060 1792 supervacua
1095 1728 1314 1776 sudatur.
1390 1727 1483 1774 Illa
1523 1732 1657 1784 sunt,

158 1829 287 1876 quae
343 1819 516 1875 togam
575 1817 861 1869 conterunt,
913 1827 1041 1873 quae
1099 1827 1190 1857 nos
1247 1825 1507 1857 senescere
1565 1807 1658 1855 sub

158 1897 378 1941 tentorio
437 1899 643 1956 cogunt,
689 1909 818 1955 quae
866 1895 920 1938 in
966 1891 1132 1939 aliena
1176 1891 1323 1937 litora
1368 1893 1652 1953 inpingunt.

160 1975 242 2022 Ad
279 1991 482 2021 manum
512 1980 606 2032 est,
635 1973 770 2038 quod
807 1979 883 2020 sat
920 1980 1009 2021 est.
1083 1973 1174 2019 Cui
1210 1989 1325 2018 cum
1359 1978 1656 2035 paupertate
1724 1977 1726 1994 ³

159 2058 292 2104 bene
317 2059 570 2114 convenit,
590 2055 734 2102 dives
759 2061 849 2102 est.
924 2054 1074 2101 VALE.

196 2254 214 2281 ὅ
242 2253 336 2294 The
356 2252 538 2296 Garden
560 2252 613 2293 of
626 2197 863 2305 Epicussaeg,
884 2195 1188 2304 deggigli.4⁷7
1209 2249 1301 2291 and
1319 2252 1399 2290 200
1420 2249 1610 2291 Usener.

170 2647 230 2691 18
