1742 2872
531 154 677 200 THE
714 153 1033 200 EPISTLES
1071 153 1161 200 OF
1196 152 1462 200 SENECA

189 256 212 262 Q
249 280 400 326 aeger
434 267 627 309 animus
663 266 715 308 in
752 263 938 309 divitiis
979 279 1044 308 an
1085 266 1137 308 in
1173 268 1471 324 paupertate
1513 269 1740 325 ponatur.

252 341 443 388 Malum
467 341 609 387 illum
634 357 778 387 suum
804 343 1040 403 sequitur.
1115 339 1264 387 VALE.

899 508 1091 555 XVIII.

593 625 786 672 SENECA
826 626 1026 673 chuno
1063 642 1147 671 svo
1183 641 1400 672 SALVTEM

199 748 221 795 1
332 746 617 793 December
642 751 719 792 est
743 748 959 801 mensis3
997 761 1111 790 cum
1138 748 1353 791 maxime
1380 748 1552 791 civitas
1578 745 1739 793 sudat.

251 823 334 869 Ius
362 823 586 869 luxuriae
622 822 851 885 publicae
885 822 1059 868 datum
1095 828 1184 869 est.
1262 822 1468 884 Ingenti
1501 830 1742 885 apparatu

249 907 428 946 sonant
464 904 646 958 omnia,
682 906 938 962 tamquam
975 903 1242 962 quicquam
1284 903 1418 946 inter
1459 899 1742 947 Saturnalia

247 981 447 1024 intersit
506 985 559 1025 et
604 978 712 1024 dies
767 994 932 1024 rerum
988 977 1308 1040 agendarum.
1419 977 1564 1024 Adeo
1616 978 1742 1024 nihil

246 1059 476 1113 interest,
495 1061 554 1102 ut
578 1071 679 1101 non
704 1054 933 1101 videatur
950 1055 965 1084 1
991 1053 1114 1100 mihi
1139 1070 1342 1112 errasse,
1362 1058 1447 1117 qui
1472 1055 1600 1102 dixit
1624 1056 1742 1103 olim

248 1149 474 1180 mensem
500 1133 838 1180 Decembrem
863 1132 1032 1190 fuisse,
1058 1149 1192 1179 nunc
1216 1149 1417 1179 annum.

198 1204 226 1250 2
333 1209 385 1256 Si
410 1217 462 1257 te
488 1210 570 1256 hic
594 1210 850 1267 haberem,
870 1209 1089 1256 libenter
1113 1215 1283 1256 tecum
1307 1210 1602 1268 conferrem,
1622 1212 1742 1274 quid

248 1292 558 1335 existimares
583 1305 690 1335 esse
717 1287 1003 1334 faciendum
1023 1306 1033 1333 :
1071 1294 1240 1334 utrum
1265 1288 1391 1335 nihil
1412 1305 1473 1335 ex
1493 1289 1742 1336 cotidiana

248 1366 614 1413 consuetudine
648 1366 948 1412 movendum
983 1382 1064 1423 an,
1090 1382 1155 1412 ne
1188 1365 1428 1413 dissidere
1461 1366 1742 1414 videremur

249 1460 364 1489 cum
417 1443 630 1506 publicis
685 1444 920 1500 moribus,
978 1449 1031 1490 et
1087 1442 1291 1490 hilarius
1350 1444 1633 1490 cenandum
1690 1451 1742 1491 et

249 1520 531 1567 exuendam
557 1527 738 1582 togam.
817 1521 943 1566 Nam
964 1519 1099 1582 quod
1117 1519 1219 1566 fieri
1247 1523 1342 1567 nisi
1364 1525 1417 1567 in
1442 1521 1664 1568 tumultu
1690 1527 1742 1568 et

248 1602 379 1645 tristi
413 1604 640 1660 tempore
672 1601 888 1645 civitatis
921 1614 1022 1643 non
1055 1597 1266 1655 solebat,
1291 1598 1563 1660 voluptatis
1597 1615 1712 1645 caus

198 1669 226 1716 3
248 1692 306 1721 ac
330 1675 572 1723 festorum
598 1675 794 1721 dierum
819 1682 1011 1722 vestem
1046 1678 1362 1722 mutavimus.
1454 1675 1505 1722 Si
1531 1682 1583 1723 te
1610 1586 1742 1804 ben}

249 1757 380 1810 novi,
422 1753 595 1799 arbitri
643 1753 868 1815 partibus
915 1752 1120 1799 functus
1161 1769 1256 1799 nec
1303 1769 1394 1816 per
1440 1757 1606 1800 omnia
1652 1771 1718 1800 no
1741 1808 1742 1811 Ἰ

249 1831 434 1878 similes
467 1847 574 1877 esse
608 1830 845 1893 pilleatae
882 1831 1058 1877 turbae
1084 1830 1320 1877 voluisses
1344 1847 1439 1878 nec
1463 1847 1554 1894 per
1577 1813 1742 1879 omnia*¹

247 1908 542 1964 dissimiles3
591 1912 685 1954 nisi
720 1908 850 1955 forte
884 1907 961 1954 his
994 1911 1208 1954 maxime
1242 1907 1420 1955 diebus
1451 1912 1617 1955 animo
1651 1913 1719 1955 im

247 1986 526 2049 perandum
560 1991 654 2043 est,
688 1992 746 2032 ut
779 1992 901 2031 tunc
935 1985 1276 2048 voluptatibus
1309 1986 1442 2033 solus
1473 1988 1700 2034 abstinea

247 2080 361 2109 cum
379 2067 431 2109 in
451 2063 559 2108 illas
577 2066 737 2109 omnis
757 2063 904 2108 turba
923 2063 1189 2124 procubuit
1206 2078 1217 2118 ;
1255 2067 1586 2110 certissimum
1606 2068 1688 2111 eni

246 2146 600 2203 argumentum
632 2140 879 2206 firmitatis
913 2156 1030 2186 suae
1065 2143 1216 2202 capit,
1242 2144 1281 2186 si
1305 2141 1370 2187 ad
1403 2141 1587 2188 blanda
1612 2146 1705 2189 eti
1740 2125 1742 2132 ⁴

199 2217 227 2262 4
246 2219 493 2265 luxuriam
518 2218 770 2265 trahentia
793 2234 887 2264 nec
911 2221 952 2263 it
976 2234 1070 2264 nec
1094 2218 1372 2266 abducitur.
1448 2219 1562 2266 Hoc
1581 2220 1710 2267 mult

392 2305 406 2330 ¹
435 2310 485 2345 ut
504 2319 594 2346 non
611 2304 811 2345 videatur
829 2303 941 2344 later
962 2303 1092 2345 MSS.
1109 2321 1120 2352 ς
1150 2310 1199 2345 ut
1219 2305 1418 2346 videatur
1436 2305 1589 2358 pLPb.

314 2398 335 2417 ‘¹
362 2391 451 2438 i.e.‚
472 2390 551 2431 the
570 2389 712 2430 whole
731 2403 839 2443 year
858 2390 895 2429 is
915 2402 942 2429 a
962 2387 1230 2430 Saturnalia.

317 2446 332 2470 ‘²
363 2444 449 2485 For
469 2458 496 2484 a
516 2444 674 2484 dinner
693 2444 831 2485 dress.

317 2506 333 2524 ⁰
360 2498 455 2539 The
478 2498 638 2552 pilleus
656 2511 747 2538 was
767 2511 888 2537 worn
909 2497 971 2550 by
991 2496 1137 2550 newly
1157 2497 1283 2538 freed
1303 2498 1447 2542 slaves
1467 2499 1557 2541 and
1578 2499 1638 2553 by
1658 2503 1678 2541 t

253 2553 428 2593 Roman
448 2552 666 2606 populace
685 2565 743 2592 on
764 2551 898 2593 festal
917 2552 1160 2595 occasions-

256 2616 348 2664 116
