1742 2872
481 158 627 204 THE
665 158 984 206 EPISTLES
1023 159 1112 206 OF
1148 158 1414 205 SENECA
1691 0 1742 294 1

198 271 420 314 animum
468 285 576 315 esse
623 269 866 327 mirabile,
914 273 992 315 cui
1044 286 1225 332 magno
1271 269 1395 315 nihil
1456 286 1692 332 magnum
1723 302 1742 325 μ

200 335 325 381 est.''

132 404 175 451 ’6
285 402 337 448 Si
366 402 490 449 haec
523 419 738 461 mecum,
763 407 802 449 si
839 403 963 450 haec
993 420 1104 449 cum
1135 408 1346 466 posteris
1378 404 1568 466 loquor,
1593 421 1693 451 non

199 469 370 516 videor
397 470 490 516 tibi
515 470 626 532 plus
663 470 916 532 prodesse,
941 488 1088 534 quarn
1115 488 1225 516 cum
1257 471 1320 517 ad
1357 471 1693 519 vadimonium
1720 527 1721 530 Ἰ

197 536 467 583 advocatus
502 537 878 596 descenderem,
903 545 993 585 aut
1026 538 1209 584 tabulis
1245 543 1538 585 testamenti
1574 555 1694 585 anu-
1722 597 1726 603 ἢ

198 603 302 649 lum
337 607 676 666 inprimerem,
707 612 796 652 aut
831 609 882 651 in
916 612 1093 651 senatu
1129 605 1396 652 candidato
1433 622 1605 653 vocem
1642 613 1694 653 et
1723 613 1729 621 ’

199 687 401 717 manum
437 672 840 719 commodarem?
911 672 1039 718 Mihi
1072 673 1237 730 crede,
1262 677 1348 735 qui
1383 673 1508 719 nihil
1544 690 1723 736 agere,

198 738 448 797 videntur,
490 743 675 785 maiora
720 745 880 802 agunt
897 755 910 796 ;
966 739 1185 786 humana
1231 740 1499 803 divinaque
1547 741 1692 788 simul
1727 768 1731 807 j

197 811 429 852 tractant.

146 869 172 918 7
283 871 383 919 Sed
416 876 514 919 iam
539 873 648 920 finis
673 873 933 920 faciendus
967 880 1044 921 est
1080 880 1133 921 et
1168 874 1373 936 aliquid,
1400 880 1456 921 ut
1480 877 1693 934 institui,
1722 903 1730 936 3

198 956 286 1002 pro
311 940 405 986 hac
430 940 646 1002 epistula
669 940 1075 1003 dependendum.
1145 941 1205 988 Id
1230 958 1328 987 non
1349 941 1413 988 de
1437 958 1551 989 meo
1577 942 1692 999 fiet;
1715 984 1718 986 .

196 1006 361 1053 adhuc
420 1008 691 1069 Epicurum
740 1008 1109 1070 complicamus,
1158 1011 1296 1054 cuius
1343 1007 1471 1054 hanc
1518 1026 1723 1056 vocem2

197 1074 439 1121 hodierno
475 1075 558 1122 die
594 1075 724 1138 legi:
764 1081 795 1102 “
813 1075 1159 1138 Philosophiae
1189 1079 1369 1122 servias
1396 1082 1610 1139 oportet,
1635 1083 1692 1124 ut
1715 1122 1720 1128 ,

195 1142 289 1188 tibi
314 1145 575 1205 contingat
607 1159 721 1189 vera
745 1142 996 1189 libertas.”
1072 1143 1186 1188 Non
1215 1143 1441 1189 differtur
1464 1147 1517 1189 in
1541 1144 1691 1203 diem,

195 1212 282 1271 qui
314 1225 368 1256 se
400 1209 472 1255 illi
510 1210 723 1256 subiecit
760 1216 813 1257 et
848 1210 1086 1266 tradidit3
1125 1213 1293 1257 statim
1324 1214 1687 1273 circumagitur.

199 1276 313 1322 Hoc
338 1280 474 1323 enim
498 1281 662 1339 ipsum
686 1277 1030 1340 philosophiae
1056 1282 1238 1324 servire
1263 1277 1466 1324 libertas
1491 1285 1581 1326 est.

143 1351 173 1396 8
283 1343 455 1390 Potest
490 1344 610 1402 fieri,
649 1351 706 1391 ut
739 1361 822 1391 me
857 1348 1152 1407 interroges,
1188 1361 1340 1407 quare
1375 1346 1440 1391 ab
1474 1345 1689 1408 Epicuro
1710 1362 1714 1410 ᾗ

193 1416 296 1457 tam
317 1411 476 1457 multa
494 1411 625 1458 bene
644 1412 780 1458 dicta
804 1411 1014 1459 referam
1041 1416 1206 1474 potius
1225 1426 1374 1474 quam
1394 1419 1685 1462 nostrorum.

193 1477 331 1536 Quid
367 1485 445 1526 est
477 1484 663 1536 tamen,
691 1495 843 1542 quare
879 1485 936 1525 tu
973 1483 1091 1525 istas
1129 1479 1328 1541 Epicuri
1364 1495 1509 1527 voces
1542 1487 1688 1543 putes

192 1560 317 1604 esse,
365 1563 467 1592 non
513 1545 774 1608 publicas?
863 1546 1027 1604 Quam
1076 1547 1222 1593 multi
1269 1553 1450 1609 poetae
1496 1547 1688 1607 dicunt,
1734 1582 1742 1612 3-

191 1628 319 1674 quae
355 1613 663 1675 philosophis
695 1620 784 1660 aut
818 1614 955 1660 dicta
991 1620 1108 1660 sunt
1142 1620 1230 1660 aut
1259 1614 1500 1661 dicenda!
1573 1615 1686 1662 Non
1729 1631 1735 1668 j

188 1680 450 1744 adtingam
508 1684 722 1743 tragicos
772 1697 868 1728 nec
927 1687 1123 1744 togatas
1175 1688 1380 1728 nostras.
1477 1682 1687 1730 Habent
1727 1688 1742 1723 .“

189 1751 325 1794 enim
366 1747 462 1795 hae
503 1765 703 1811 quoque
745 1748 933 1811 aliquid
981 1752 1262 1795 severitatis
1305 1755 1358 1796 et
1396 1756 1513 1796 sunt
1553 1753 1686 1797 inter

187 1815 470 1862 comoedias
488 1832 546 1862 ac
562 1815 844 1878 tragoedias
860 1815 1070 1863 mediae.
1142 1816 1403 1874 Quantum
1422 1816 1684 1864 disertissi-
1726 1821 1738 1876 ξ

186 1897 381 1928 morum
422 1899 655 1930 versuum
695 1887 830 1929 inter
870 1887 1046 1930 mimos
1087 1883 1246 1930 iacet!
1319 1882 1483 1941 Quam
1526 1884 1684 1932 multa
1723 1882 1739 1914 Γ

189 1948 389 1996 Publilii
415 1966 516 1996 non
547 1950 860 2008 excalceatis,
886 1950 975 1998 sed
1001 1954 1275 1997 coturnatis
1298 1951 1513 1998 dicenda
1537 1952 1681 1998 sunt!
1728 1972 1731 1979 ·

134 2017 162 2065 9
189 2016 358 2063 Unum
392 2034 589 2064 versum
614 2022 736 2075 eius,
761 2021 847 2081 qui
879 2018 942 2065 ad
979 2017 1345 2081 philosophiam
1378 2022 1609 2080 pertinet
1631 2026 1683 2066 et
1723 2016 1739 2070 ·3

250 2142 270 2214 ἶ
297 2134 369 2229 FC'J'.
393 2135 472 2175 the
492 2134 614 2176 Stoic
634 2139 818 2188 precept
840 2141 870 2158 ‘⁶
886 2135 947 2175 nil
966 2135 1325 2176 admirandum.'‘
1723 2117 1737 2217 ξ

336 2202 428 2241 rag.
458 2192 532 2228 199
555 2188 744 2230 Usener.

250 2249 266 2268 ⁰
295 2242 510 2296 Literally
542 2249 702 2296 “spun
732 2242 876 2283 round
890 2242 914 2258 '⁹
942 2242 1004 2295 by
1026 2243 1105 2284 the
1134 2247 1301 2285 master
1329 2243 1419 2284 and
1447 2244 1684 2286 dismissed
1739 2268 1742 2270 -

182 2299 231 2338 to
250 2296 463 2338 freedom.
528 2296 595 2351 Gf.
622 2297 814 2343 Persius,
839 2310 878 2338 V.
906 2300 956 2337 75
975 2298 1002 2338 f.

251 2352 271 2376 ‘²
299 2351 491 2392 Fabulae
527 2356 697 2404 toyatae
730 2364 846 2391 were
878 2351 1007 2404 plays
1039 2350 1183 2392 which
1213 2350 1336 2392 dealt
1370 2351 1476 2392 with
1507 2351 1680 2393 Roman

185 2404 360 2457 subject
391 2408 570 2451 matter,
607 2418 656 2445 as
690 2405 949 2446 contrasted
982 2405 1088 2445 with
1128 2405 1412 2458 adaptations
1452 2407 1566 2446 from
1604 2407 1682 2447 the

185 2458 353 2506 Greek,
388 2459 531 2500 called
559 2459 786 2513 palliatae.
859 2458 955 2499 The
987 2462 1118 2505 term,
1154 2461 1197 2499 in
1231 2459 1310 2499 the
1345 2459 1502 2501 widest
1535 2473 1679 2509 sense,
1724 2461 1735 2479 ’-

184 2513 384 2553 includes
405 2512 514 2553 both
534 2513 725 2566 comedy
745 2512 835 2553 and
853 2512 1058 2567 tragedy.

251 2575 267 2592 ⁸
295 2567 383 2614 i.e.‚
406 2567 662 2608 comedians
683 2581 733 2608 or
752 2569 924 2608 mimes.

186 2637 250 2679 40
