1742 2872
502 143 650 190 THE
684 143 1005 192 EPISTLES
1041 144 1133 193 OF
1167 144 1431 193 SENECA

623 250 838 292 Veritatis
858 251 1046 304 simplex
1065 252 1206 292 oratio
1227 255 1310 294 est.

142 327 167 333 -,
224 338 446 401 Ideoque
470 338 608 384 illam
632 339 859 401 inplicari
891 355 994 385 non
1023 346 1253 401 oportet3
1287 356 1382 387 nec
1419 343 1553 387 enim
1578 343 1713 402 quic-

219 435 369 482 quam
408 422 573 465 minus
615 423 850 467 convenit
891 437 1041 483 quam
1083 421 1292 467 subdola
1334 425 1428 468 ista
1469 422 1714 469 calliditas

217 500 395 543 animis
418 513 601 560 magna
626 499 935 545 conantibus.
1012 498 1159 546 VALE.

931 648 986 697 L.

556 765 751 815 SENECA
788 768 990 815 ch11.10
1027 785 1110 816 svo
1146 785 1363 816 SALVTEM

167 889 192 938 Ι
304 885 585 950 Epistulam
611 893 749 933 tuam
774 890 945 950 accepi
974 893 1088 950 post
1119 887 1304 934 multos
1334 903 1530 935 menses
1566 905 1714 952 quam

217 968 433 1012 miseras.
508 964 882 1027 Supervacuum
913 967 1084 1028 itaque
1117 969 1290 1028 putavi
1318 966 1381 1012 ab
1414 982 1490 1025 eo,
1515 970 1600 1029 qui
1629 966 1715 1013 ad-

217 1041 429 1100 ferebat,
471 1042 594 1105 quid
633 1057 808 1105 ageres
850 1058 1103 1106 quaerere.
1177 1042 1336 1090 Valde
1378 1046 1513 1091 enim
1554 1044 1715 1091 bonae

217 1124 487 1167 memoriae
526 1126 619 1178 est,
656 1123 697 1166 si
731 1120 990 1167 meminit!
1062 1120 1131 1167 Et
1173 1126 1345 1167 tamen
1377 1137 1521 1184 spero
1557 1127 1610 1169 te
1646 1106 1742 1169 Sic,

217 1202 316 1244 iam
335 1202 518 1256 vivere,
537 1204 595 1245 ut
621 1198 923 1261 ubicumque
944 1202 1055 1256 eris,
1075 1203 1226 1245 sciam
1245 1199 1366 1262 quid
1385 1215 1515 1262 agas.
1579 1198 1742 1258 Quid

217 1280 351 1323 enim
389 1275 526 1322 aliud
561 1279 666 1339 agis
702 1292 851 1339 quam
889 1282 946 1322 ut
980 1276 1239 1324 meliorem
1275 1283 1327 1324 te
1362 1280 1470 1339 ipse
1505 1277 1715 1325 cottidie
1739 1330 1742 1348 ¹

215 1354 383 1412 facias,
409 1360 466 1401 ut
490 1354 679 1418 aliquid
703 1370 766 1401 ex
791 1355 1036 1401 erroribus
1060 1371 1232 1417 ponas,
1257 1361 1315 1401 ut
1338 1354 1603 1418 intellegas
1627 1361 1716 1403 tua

215 1435 337 1478 vitia
371 1448 497 1490 esse,
522 1448 651 1495 quae
687 1438 833 1494 putas
869 1433 1070 1478 rerum?
1139 1431 1402 1491 Quaedam
1427 1437 1565 1480 enim
1594 1433 1714 1480 locis

216 1515 270 1557 et
329 1510 637 1572 temporibus
694 1509 1032 1557 adscribimus.
1130 1510 1202 1556 At
1249 1509 1351 1568 illa,
1398 1526 1709 1574 quocumque
1737 1532 1742 1551 ε

217 1591 573 1646 transierimus,
598 1593 830 1634 secutura
853 1593 983 1634 sunt.

168 1665 195 1711 2
305 1665 611 1728 Harpasten,
635 1669 800 1712 uxoris
833 1682 974 1712 meae
1000 1665 1207 1724 fatuam,
1231 1669 1325 1713 scis
1354 1665 1712 1715 hereditarium

217 1760 342 1791 onus
366 1748 418 1790 in
451 1744 600 1790 domo
637 1760 748 1790 mea
785 1747 1090 1791 remansisse.
1168 1743 1281 1807 Ipse
1307 1748 1441 1791 enim
1466 1740 1742 1805 aversissi--tg

217 1837 327 1868 mus
344 1821 361 1852 1
386 1821 450 1868 ab
473 1825 580 1868 istis
605 1821 843 1884 prodigiis
859 1837 998 1878 sum3
1035 1821 1292 1885 siquando
1309 1822 1449 1869 fatuo
1473 1822 1712 1870 delectari

218 1899 345 1958 volo,
385 1915 488 1946 non
535 1906 612 1946 est
660 1899 783 1946 mihi
829 1899 980 1962 longe
1027 1899 1343 1963 quaerendus
1360 1916 1372 1957 ;
1429 1916 1511 1947 me
1558 1900 1740 1948 rideo..⁴

221 1978 364 2024 Haec
399 1976 539 2024 fatua
573 1978 739 2024 subito
774 1977 925 2024 desiit
961 1977 1145 2024 videre.
1220 1977 1574 2026 Incredibilem
1609 1971 1738 2031 rem3

217 2056 310 2102 tibi
329 2059 490 2114 narro,
506 2055 595 2103 sed
614 2071 810 2102 veram:
835 2059 997 2102 nescit
1016 2071 1124 2102 esse
1143 2071 1196 2102 se
1216 2071 1428 2102 caecam.
1490 2055 1729 2104 Subinde

217 2133 566 2196 paedagogum
613 2149 757 2179 suum
805 2139 949 2197 rogat
991 2139 1048 2180 ut
1087 2136 1284 2197 migret.
1375 2134 1464 2181 Ait
1510 2123 1742 2263 ᾶοῐηιιηιέἕ.4

216 2211 582 2259 tenebricosam
611 2226 732 2258 esse.

164 2294 193 2340 3
305 2289 418 2336 Hoc
453 2288 589 2353 quod
617 2292 670 2335 in
696 2288 782 2335 illa
806 2288 1042 2347 ridemus,
1066 2289 1295 2336 omnibus
1320 2266 1462 2336 nobis
1487 2284 1731 2370 accidere:

218 2369 407 2431 liqueat
442 2367 566 2424 tibi;
601 2383 751 2413 nemo
787 2382 840 2414 se
875 2383 1078 2413 avarum
1113 2382 1222 2414 esse
1257 2367 1528 2430 intellegit,
1564 2382 1730 2440 nemq4

217 2445 468 2508 cupidum.
543 2444 689 2492 Caeci
736 2451 907 2491 tamen
949 2444 1131 2492 ducem
1171 2451 1435 2508 quaerunt,
1474 2462 1564 2492 nos
1604 2441 1729 2517 εἰηςῇ

432 2531 445 2556 ¹
476 2531 770 2572 aversissimus
788 2530 1028 2584 Agricola3
1055 2531 1337 2573 avarissimus
1357 2530 1488 2574 MSS.
1688 2515 1728 2616 Α,

217 2602 315 2645 330
