1742 2872
494 162 638 210 THE
677 162 996 210 EPISTLES
1035 162 1124 211 OF
1160 163 1424 210 SENECA

169 293 194 298 >-
211 272 347 318 nolle
372 272 631 319 decretum
668 279 758 318 est.
834 272 1063 318 Variatur
1096 272 1280 318 cotidie
1315 272 1550 318 iudicium
1579 275 1707 319 etin

211 364 512 406 contrarium
573 364 784 407 vertitur
831 378 888 406 ac
948 361 1199 423 plerisque
1259 364 1425 422 agitur
1472 364 1573 406 vita
1620 377 1710 422 per

212 447 387 494 lusum.
465 449 640 496 Preme
678 466 797 511 ergo
833 449 967 511 quod
1004 452 1230 511 coepisti,
1264 456 1317 496 et
1354 449 1562 495 fortasse
1598 465 1708 510 per—

211 534 407 583 duceris
454 544 542 584 aut
589 537 653 583 ad
711 554 961 586 summum
1018 544 1105 583 aut
1154 553 1230 594 e0,
1277 537 1413 600 quod
1460 553 1709 583 summum

210 625 435 672 nondum
461 642 570 672 esse
596 626 729 672 solus
754 625 1033 688 intellegas,

158 711 186 761 7
295 718 326 740 “
342 713 479 772 Quid
499 713 632 770 fiet,’'
655 717 836 777 inquis,
854 718 885 740 “
900 712 1016 759 huie
1036 713 1213 760 turbae
1232 713 1550 760 familiarium
1568 716 1675 759 sine
1692 711 1708 742 ¹

210 818 263 848 re
299 802 528 848 familiari
551 802 613 849 ?”
685 802 851 849 Turba
885 806 981 849 ista
1016 819 1130 849 cum
1164 819 1194 848 a
1229 809 1281 849 te
1318 806 1452 865 pasci
1488 801 1710 859 desierit,

210 894 316 952 ipsa
341 907 394 937 se
427 897 617 953 pascet,
641 897 730 937 aut
764 890 899 953 quod
929 897 986 937 tu
1022 890 1268 937 beneflcio
1304 897 1392 936 tuo
1428 907 1530 936 non
1565 895 1710 951 potes

211 983 352 1037 scire,
377 983 685 1042 paupertatis
721 982 858 1026 scies.
935 979 1028 1025 Illa
1063 995 1204 1026 veros
1240 985 1503 1041 certosque
1527 981 1710 1023 amieos

211 1069 452 1115 retinebit
473 1084 485 1125 ;
521 1068 751 1115 discedet
780 1071 1003 1131 quisquis
1027 1084 1130 1114 non
1155 1074 1225 1126 te,
1250 1067 1339 1115 sed
1372 1066 1508 1114 aliud
1534 1082 1709 1129 seque-

210 1157 370 1203 batur.
445 1157 561 1202 Non
603 1163 680 1203 est
716 1162 888 1203 autem
924 1156 1003 1202 vel
1051 1157 1115 1202 ob
1163 1155 1258 1202 hoc
1294 1172 1451 1203 unum
1498 1154 1711 1201 amanda

211 1251 494 1307 paupertaS,
511 1245 645 1308 quod
664 1262 693 1291 a
711 1245 892 1308 quibus
910 1248 1089 1291 ameris
1114 1244 1351 1291 ostendet
1373 1245 1390 1290 ?
1443 1244 1490 1291 O
1509 1243 1710 1306 quando

210 1333 296 1380 ille
332 1337 504 1380 veniet
545 1333 669 1391 dies,
706 1350 805 1397 quo
840 1350 991 1380 nemo
1026 1337 1079 1380 in
1115 1332 1355 1380 honorem
1390 1338 1535 1379 tuum
1570 1348 1708 1378 men-

159 1423 189 1469 8
210 1422 394 1468 tiatur!
462 1422 579 1468 Huc
627 1438 747 1484 ergo
793 1425 1125 1484 cogitationes
1173 1427 1292 1468 tuae
1339 1420 1572 1478 tendant,
1615 1419 1709 1466 hoc

211 1526 343 1567 cura,
379 1510 474 1556 hoc
515 1517 650 1572 opta,
687 1514 854 1556 omnia
887 1510 985 1557 alia
1022 1517 1139 1557 vota
1174 1510 1271 1557 deo
1307 1513 1615 1566 remissurus,
1651 1514 1708 1554 ut

211 1604 480 1645 contentus
516 1602 580 1645 sis
615 1604 776 1645 temet
799 1602 906 1661 ipso
940 1604 994 1645 et
1030 1614 1092 1645 ex
1125 1604 1178 1645 te
1202 1597 1524 1644 nascentibus
1549 1597 1704 1643 bonis.
1737 1593 1742 1637 4

211 1686 354 1746 Quae
396 1693 566 1750 potest
602 1703 710 1734 esse
758 1686 973 1734 felicitas
1019 1687 1253 1749 propior?
1327 1685 1520 1748 Redige
1556 1691 1608 1732 te
1644 1684 1708 1731 ad

210 1793 375 1838 parva,
401 1793 463 1823 ex
487 1777 667 1839 quibus
687 1775 866 1822 cadere
885 1793 986 1822 non
1012 1779 1184 1838 possis,
1209 1775 1361 1838 idque
1388 1780 1444 1821 ut
1468 1774 1708 1821 libentius
1734 1805 1742 1831 Ι

210 1864 377 1922 facias,
412 1865 476 1912 ad
513 1864 607 1911 hoc
654 1866 931 1927 pertinebit
979 1866 1225 1911 tributum
1261 1863 1408 1910 huius
1445 1863 1707 1926 epistulae,
1739 1838 1742 1853 Ι

211 1953 347 2016 quod
371 1957 543 2000 statim
567 1952 832 2000 conferam.

158 2039 188 2086 9
297 2041 528 2089 Invideas
556 2042 694 2100 licet,
719 2045 873 2089 etiam
897 2059 1031 2089 nunc
1055 2042 1275 2089 libenter
1298 2058 1387 2104 pro
1411 2058 1492 2088 me
1516 2040 1705 2103 depen-

211 2131 300 2177 det
336 2131 593 2193 Epicurus.
669 2136 701 2157 “
722 2130 1140 2193 Magnificentior,
1176 2129 1299 2175 mihi
1341 2129 1507 2187 crede,
1544 2144 1704 2175 sermo

211 2225 327 2265 tuus
361 2221 414 2264 in
450 2218 658 2281 grabato
693 2217 947 2265 videbitur
982 2223 1036 2264 et
1069 2221 1123 2263 in
1164 2234 1343 2280 panno.
1419 2216 1534 2262 Non
1570 2219 1703 2262 enim

210 2306 444 2352 dicentur
477 2312 677 2352 tantum
710 2306 811 2363 illa,
837 2305 925 2351 sed
958 2304 1349 2367 probabuntur.”
1421 2305 1530 2367 Ego
1566 2310 1703 2350 certe

653 2406 667 2431 1
696 2407 786 2447 sine
807 2406 992 2454 Hense3
1021 2406 1106 2447 sive
1128 2404 1257 2447 MSS.

706 2563 727 2583 α
755 2555 884 2608 Frag.
911 2558 988 2596 206
1011 2555 1200 2601 Usener.

214 2620 308 2670 136
