1742 2872
445 146 591 194 THE
627 148 948 196 EPISTLES
985 149 1074 197 OF
1110 148 1376 196 SENECA

162 251 293 300 ferre
318 259 474 316 possit
511 257 710 304 malum.
783 258 912 305 Vide
949 275 1085 321 ergo,
1121 276 1242 305 num
1280 262 1433 306 satius
1469 262 1534 305 sit
1569 263 1656 304 aut

140 327 578 377 *invulnerabilem
625 335 845 378 animum
894 331 1061 378 dicere
1107 339 1196 379 aut
1250 335 1469 379 animum
1516 338 1656 378 extra

109 398 139 444 3
162 417 362 448 omnem
389 407 684 465 patientiam
718 410 950 467 positum.
1029 407 1140 452 Hoc
1173 410 1307 453 inter
1336 423 1426 452 nos
1460 413 1513 453 et
1545 406 1656 451 illos

161 478 402 523 interest:
439 485 611 525 noster
634 482 833 541 sapiens
858 483 1013 525 vincit
1046 481 1251 543 quidem
1283 479 1651 526 incommodum

160 564 326 606 omne,
352 551 440 597 sed
474 556 660 607 sentit;
702 553 901 599 illorum
935 570 1001 600 ne
1038 558 1195 600 sentit
1229 554 1453 616 quidem:
1524 552 1654 599 Illud

159 623 303 669 nobis
329 631 383 671 et
414 625 510 672 illis
543 642 808 673 commune
846 633 952 674 est:
995 631 1277 689 sapientem
1313 644 1366 674 se
1402 631 1510 690 ipso
1548 643 1655 675 esse

160 703 470 745 contentum.
547 699 648 746 Sed
682 707 855 747 tamen
898 707 952 748 et
986 705 1201 747 amicum
1237 701 1422 748 habere
1459 701 1567 748 vult
1603 707 1655 748 et
1740 696 1742 698 ¹

161 774 377 817 vicinum
404 779 458 819 et
482 775 913 832 contubernalem,
932 778 1156 837 quamvis
1181 775 1275 821 sibi
1300 779 1405 837 ipse
1431 776 1651 822 sufficiat.

109 843 139 889 4
164 844 291 892 Vide
339 862 487 909 quam
529 850 595 894 sit
635 864 688 894 se
732 854 1031 905 contentus;
1086 849 1355 912 aliquando
1398 852 1471 895 sui
1514 856 1654 912 parte

160 925 429 967 contentus
455 927 546 968 est.
620 920 672 968 Si
697 922 770 967 illi
796 939 998 968 manum
1023 929 1112 968 aut
1139 923 1340 969 morbus
1375 929 1463 970 aut
1500 922 1655 970 hostis
1731 919 1742 960 ἰ

157 993 418 1051 exciderit,
444 997 484 1040 si
508 999 618 1058 quis
642 995 841 1042 oculum
878 996 956 1043 vel
993 996 1162 1042 oculos
1191 1013 1330 1044 casus
1366 1000 1655 1055 excusserit,
1728 994 1742 1050 ,ζ

148 1066 397 1131 ηιᾟΙὶᾳιιίειε
434 1068 507 1115 illi
542 1085 660 1116 suae
697 1069 1024 1128 satisfacient,
1050 1077 1103 1117 et
1135 1074 1231 1117 erit
1267 1074 1515 1117 inminuto
1551 1087 1654 1117 cor·
1728 1063 1735 1113 ἓ

160 1157 279 1203 pore
299 1148 352 1188 et
368 1149 628 1204 amputato
647 1150 751 1189 tam
768 1143 946 1201 laetus,
965 1161 1115 1207 quam
1134 1147 1333 1207 integro
1351 1145 1366 1174 1
1387 1144 1496 1191 fuit.
1554 1143 1655 1192 Sed

107 1217 138 1264 5
159 1231 288 1278 quae
304 1219 344 1262 si
355 1216 374 1245 2
392 1216 594 1274 desunt,
611 1234 713 1263 non
729 1217 999 1275 desiderat,
1016 1235 1117 1264 non
1132 1218 1307 1265 deesse
1329 1218 1530 1266 mavult.
1579 1219 1656 1265 Ita

159 1293 357 1352 sapiens
381 1307 434 1337 se
459 1298 729 1338 contentus
754 1298 847 1348 est,
868 1308 970 1337 non
996 1297 1053 1338 ut
1077 1291 1200 1338 velit
1226 1308 1334 1339 esse
1354 1296 1461 1339 sine
1480 1295 1655 1350 amico,

159 1363 247 1409 sed
274 1370 331 1410 ut
354 1367 523 1426 possit.
597 1365 666 1411 Et
690 1360 800 1423 hoc,
826 1365 961 1428 quod
994 1365 1106 1412 dico
1133 1371 1164 1392 “
1180 1366 1382 1428 possit,'’
1413 1366 1514 1413 tale
1549 1372 1655 1413 est:

157 1440 391 1483 amissum
417 1454 577 1501 aequo
601 1442 767 1484 animo
792 1439 904 1486 fert.

243 1511 362 1558 Sine
378 1515 537 1558 amico
552 1513 757 1575 quidem
772 1529 1044 1576 numquam
1063 1517 1171 1560 erit.
1225 1513 1284 1559 In
1301 1531 1388 1560 sua
1403 1520 1656 1576 potestate
1727 1511 1730 1522 ³

158 1585 329 1643 habet,
368 1603 518 1649 quam
559 1590 659 1633 cito
706 1593 918 1649 reparet.
993 1587 1259 1645 Quomodo
1294 1591 1334 1635 si
1380 1588 1658 1651 perdiderit

164 1659 362 1706 Phidias
410 1666 644 1718 statuam,
686 1664 914 1723 protinus
960 1661 1168 1708 alteram
1216 1661 1370 1709 faciet
1387 1679 1400 1722 5
1457 1666 1527 1709 sic
1576 1662 1656 1709 hic

160 1733 500 1781 faciendarum
558 1738 889 1781 amicitiarum
944 1735 1125 1782 artifex
1182 1736 1457 1783 substituet
1502 1736 1657 1783 alium

1733 1595 1742 1678 i

111 1811 139 1858 6
159 1811 211 1853 in
258 1807 425 1855 locum
471 1812 648 1855 amissi.
746 1809 973 1867 Quaeris,
1010 1810 1260 1872 quomodo
1305 1813 1521 1856 amicum
1557 1814 1657 1857 cito
1730 1815 1742 1860 ζ’.

160 1880 382 1928 facturus
407 1886 500 1939 sit3
537 1883 716 1940 dicam,
742 1886 782 1929 si
818 1883 944 1929 illud
980 1883 1103 1929 mihi
1140 1890 1311 1930 tecum
1348 1887 1656 1942 convenerit,

160 1962 218 2003 ut
253 1960 423 2003 statim
460 1957 554 2003 tibi
596 1956 800 2015 solvam,
837 1957 972 2020 quod
1007 1957 1187 2015 debe0,
1224 1964 1278 2004 et
1312 1964 1556 2020 quantum
1592 1957 1655 2004 ad

159 2028 288 2076 hanc
313 2030 597 2092 epistulam,
616 2034 752 2092 paria
778 2030 1027 2078 faciamus.
1103 2031 1339 2078 Hecaton
1362 2035 1462 2078 ait:
1500 2037 1530 2059 “
1547 2031 1656 2094 Ego

159 2104 251 2150 tibi
298 2105 585 2151 monstrabo
633 2108 933 2151 amatorium
976 2108 1084 2152 sine
1124 2105 1511 2164 medicamento,
1547 2109 1655 2152 sine

161 2177 331 2235 herba,
367 2182 475 2224 sine
518 2178 668 2225 ullius
710 2178 964 2225 veneficae
1001 2183 1250 2226 carmine:
1300 2181 1341 2225 si
1379 2183 1448 2226 vis
1483 2183 1655 2238 amari,

155 2251 314 2298 ama.''
409 2252 581 2298 Habet
626 2258 798 2299 autem
844 2269 946 2298 non
994 2258 1195 2299 tantum
1244 2269 1359 2299 usus
1406 2256 1654 2300 amicitiae

421 2348 433 2372 ¹
464 2349 632 2399 inteqro
654 2348 699 2389 b¹
717 2365 729 2396 ;
757 2348 805 2389 in
824 2349 991 2399 inteqro
1011 2349 1088 2389 the
1109 2349 1238 2390 other
1258 2348 1389 2390 MSS.

395 2402 412 2426 2
439 2402 477 2443 si
498 2393 742 2443 Buecheler
762 2403 852 2443 and
870 2392 1156 2456 Watzingerz
1185 2403 1266 2444 sibi
1286 2402 1415 2444 MSS.

151 2506 173 2525 α
192 2499 279 2545 i.e.‚
294 2498 372 2538 the
385 2497 564 2551 Cynics.
625 2499 640 2524 ὁ
660 2498 749 2543 asse..
768 2498 844 2539 the
861 2499 1024 2539 diurna
1039 2499 1309 2546 mercedula3
1337 2511 1411 2539 sec
1433 2499 1518 2553 Ep.
1532 2502 1587 2541 vi.
1611 2503 1648 2542 7.
1728 2512 1730 2514 ·

669 2559 685 2577 ⁰
714 2552 749 2593 F
753 2566 845 2606 rag.
870 2555 920 2593 27
942 2552 1125 2593 Fowlcr.

153 2625 217 2665 44·

1723 1857 1742 2493 ἔ

1725 2500 1742 2621 Ξ

1728 2639 1742 2721 ξ
