1742 2872
472 157 619 205 THE
654 158 976 207 EPISTLES
1013 159 1103 206 OF
1139 158 1405 207 SENECA

156 306 179 311 ,,
193 265 331 310 Nulli
373 269 509 312 enim
549 268 645 311 nisi
685 265 918 312 audituro
957 266 1227 312 dicendum
1270 272 1359 312 est.
1458 264 1579 311 Ideo
1620 264 1684 311 de

193 341 421 404 Diogene
446 359 540 389 nec
566 346 729 389 minus
754 343 819 390 de
844 343 951 389 aliis
979 343 1193 406 Cynicis,
1218 347 1303 406 qui
1324 343 1558 389 libertate
1575 359 1685 404 pro-

188 423 374 466 miscua
407 424 482 466 usi
519 427 636 466 sunt
661 427 713 467 et
739 422 909 467 obvios
944 427 1264 478 monuerunt,
1289 421 1506 467 dubitari
1543 420 1687 478 solet,

137 498 165 544 2
187 514 252 543 an
277 497 372 544 hoc
405 497 568 545 facere
597 499 880 546 debuerint.
954 499 1091 557 Quid
1125 503 1275 556 enim,
1301 501 1340 545 si
1372 501 1482 561 quis
1515 498 1686 544 surdos

187 575 420 638 obiurget
435 582 523 621 aut
538 582 716 623 natura
731 577 966 623 morbove
983 582 1148 623 mutos
1166 579 1185 623 ?
1235 582 1265 603 “
1276 575 1490 634 Quare,”
1509 579 1688 638 inquis,

187 656 218 678 “
234 653 397 698 verbis
422 656 657 715 parcam?
725 653 960 700 Gratuita
979 659 1110 701 sunt.
1186 653 1298 698 Non
1324 668 1523 715 possum
1548 655 1688 709 scire,

187 746 253 775 an
291 733 335 776 ei
385 730 674 792 profuturus
712 734 822 789 sim,
861 747 1013 794 quem
1058 731 1334 786 admoneo3
1406 729 1532 776 illud
1569 733 1686 786 scio,
1737 785 1742 799 ¹

186 807 335 854 alicui
370 824 453 854 me
488 808 807 871 profuturum
842 813 882 855 si
918 809 1103 855 multos
1149 808 1466 855 admonuero.
1541 807 1687 869 Spar-

188 885 356 947 genda
373 902 549 932 manus
569 886 684 933 est.1
755 886 869 932 Non
894 892 1065 948 potest
1083 885 1205 944 fieri,
1224 892 1282 932 ut
1301 902 1402 932 non
1420 884 1687 948 aliquando

189 962 425 1009 succedat
450 963 608 1010 multa
633 964 954 1026 temptanti.”
1013 976 1020 983 ·
1142 968 1148 973 “

137 1046 165 1092 3
276 1041 406 1098 Hoc,
442 1044 511 1087 mi
547 1041 725 1099 Lucili,
761 1059 862 1088 non
899 1045 1131 1089 existimo
1168 1058 1351 1104 magno
1374 1045 1477 1087 viro
1502 1040 1687 1086 facien-

188 1117 339 1175 dum3
401 1118 610 1165 diluitur
645 1123 751 1166 eius
786 1123 1055 1166 auctoritas
1090 1136 1185 1166 nec
1221 1119 1376 1166 habet
1422 1118 1556 1181 apud
1603 1134 1687 1165 eos

187 1199 307 1242 satis
326 1195 576 1258 ponderiS,
594 1213 716 1259 quos
736 1203 906 1259 posset
923 1200 1089 1243 minus
1105 1196 1411 1243 obsolefacta
1425 1199 1683 1258 corrigere.
1727 1183 1742 1243 Ῐῖ

188 1272 488 1336 Sagittarius
513 1291 615 1320 non
639 1274 908 1337 aliquando
934 1274 1083 1321 ferire
1108 1273 1280 1332 debet,
1305 1274 1395 1321 sed
1418 1272 1687 1336 aliquando

187 1350 433 1415 deerrare.
510 1351 624 1397 Non
650 1358 728 1398 est
751 1368 846 1409 ars,
871 1367 1000 1414 quae
1032 1351 1097 1398 ad
1127 1351 1362 1398 effectum
1387 1368 1501 1398 casu
1530 1353 1682 1397 venit.

189 1427 448 1492 Sapientia
482 1445 560 1475 ars
597 1435 704 1485 est3
753 1435 947 1476 certum
983 1435 1142 1491 petat,
1169 1428 1325 1491 eligat
1359 1428 1685 1491 profecturos,

187 1507 251 1553 ab
299 1509 356 1565 is,
403 1523 527 1569 quos
580 1506 881 1569 desperavit,
930 1506 1151 1564 recedat,
1202 1523 1305 1553 non
1359 1513 1532 1553 tamen
1586 1510 1686 1553 cito

186 1584 439 1646 relinquat
475 1591 529 1631 et
563 1587 616 1630 in
652 1587 758 1646 ipsa
794 1584 1146 1646 desperatione
1194 1590 1419 1631 extrema
1464 1583 1686 1631 remedia

187 1668 422 1724 temptet.

133 1744 164 1791 4
274 1740 623 1787 Marcellinum
695 1747 922 1787 nostrum
994 1757 1090 1803 ego
1160 1740 1384 1787 nondum
1456 1739 1682 1803 despero.

187 1819 491 1865 Etiamnunc
546 1822 728 1865 servari
784 1825 970 1881 potest,
1019 1818 1108 1866 sed
1155 1822 1195 1865 si
1243 1822 1343 1866 cito
1389 1818 1461 1864 illi
1508 1835 1684 1866 manus

186 1900 467 1959 porrigitur.
541 1897 634 1943 Est
669 1896 875 1959 quidem
911 1896 1206 1958 periculum,
1241 1913 1306 1943 ne
1342 1899 1682 1960 porrigentem

185 1974 382 2031 trahat3
451 1991 635 2038 magna
688 1978 742 2020 in
797 1974 882 2020 illo
938 1977 1130 2037 ingenii
1185 1978 1256 2021 vis
1307 1980 1401 2032 est,
1447 1974 1536 2021 sed
1583 1977 1680 2040 iam

184 2052 444 2100 tendentis
480 2056 534 2098 in
569 2069 789 2114 pravum.
864 2051 1202 2098 Nihilominus
1237 2051 1386 2098 adibo
1422 2051 1518 2099 hoc
1553 2056 1680 2114 peri-

132 2143 161 2190 5
185 2131 352 2178 culum
391 2137 444 2177 et
481 2130 678 2177 audebo
719 2130 793 2176 illi
834 2129 966 2176 mala
1006 2146 1096 2177 sua
1131 2130 1414 2177 ostendere.
1510 2130 1682 2177 Faciet

252 2228 266 2253 ¹
297 2227 357 2269 So
375 2227 454 2268 the
474 2226 605 2269 MSS.
627 2243 639 2276 3
669 2227 906 2268 otherwise
927 2226 1085 2268 Hense
1104 2227 1251 2268 would
1271 2227 1377 2268 read
1390 2229 1637 2282 sparyendu

178 2283 313 2336 plena
331 2296 468 2323 manu
485 2287 558 2324 est.

249 2389 394 2429 “The
412 2388 542 2429 usual
557 2390 813 2442 expression
833 2391 871 2429 is
888 2389 1022 2441 plena
1039 2402 1176 2430 manu
1192 2393 1441 2442 εφιιίζιγθνθ,6
1448 2388 1580 2429 ‘with
1600 2388 1663 2429 ful

184 2443 352 2490 handss'
371 2443 426 2496 cf.
446 2442 534 2496 Ep.
559 2456 656 2484 cxx,
681 2446 743 2484 10.
806 2442 859 2483 In
879 2443 957 2483 the
976 2441 1152 2483 famous
1173 2444 1334 2495 saying
1352 2442 1405 2483 of
1419 2441 1613 2484 Corinna
1631 2446 1650 2483 t

186 2496 377 2538 Pindar.
410 2496 557 2537 “Sow
577 2496 683 2536 with
710 2496 788 2537 the
816 2496 939 2537 hand
966 2496 1057 2537 and
1086 2499 1165 2537 not
1190 2496 1296 2536 with
1323 2496 1401 2537 the
1428 2495 1582 2544 sack,''
1600 2495 1650 2537 th

157 2551 313 2592 ·idea
302 2556 373 2591 1s‘
379 2550 680 2604 ‘sparinglyss’
699 2550 789 2591 and
810 2554 904 2598 not,
925 2563 975 2591 as
995 2550 1151 2598 here‚‘
1159 2550 1501 2604 ‘bountifullyst

184 2622 282 2664 204
