1742 2872
501 152 647 205 THE
684 153 1004 206 EPISTLES
1039 157 1130 207 OF
1165 157 1433 206 SENECA

892 340 1047 387 XXV.
1116 380 1131 386 ,,

562 458 756 506 SENECA
795 460 996 506 chuJo
1032 476 1117 506 svo
1152 475 1368 506 SALVTEM

167 594 190 643 1
301 587 453 646 Quod
484 585 548 632 ad
580 586 704 632 duos
729 588 912 632 amicos
936 592 1130 632 nostros
1154 590 1392 648 pertinet,
1417 586 1611 635 diversa
1634 592 1712 636 via

218 669 442 715 eundum
467 673 574 723 est3
611 666 816 713 alterius
842 670 978 714 enim
1002 670 1124 713 vitia
1149 667 1482 725 emendanda,
1506 668 1712 716 alterius

216 749 496 812 frangenda
543 754 674 795 sunt.
770 748 896 795 Utar
941 748 1178 795 libertate
1226 754 1347 794 tota.
1439 749 1554 795 Non
1600 767 1712 797 amo

216 832 374 889 illum,
399 833 495 878 nisi
520 829 732 876 offendo.
807 834 838 855 “
855 827 993 886 Quid
1018 830 1172 891 ergo?
1190 828 1219 845 ’'
1245 832 1428 891 inquis,
1453 834 1484 856 “
1500 830 1709 893 quadra-

215 915 475 976 genarium
501 910 749 974 pupillum
774 913 964 973 cogitas
989 911 1082 957 sub
1106 910 1271 957 tutela
1295 917 1383 956 tua
1415 915 1713 960 continere?

218 995 430 1057 Respice
466 998 689 1039 aetatem
725 995 831 1038 eius
872 994 971 1038 iam
1012 991 1189 1038 duram
1230 997 1284 1038 et
1323 993 1708 1041 intractabilem.

164 1082 192 1127 2
219 1077 332 1123 Non
367 1081 538 1138 potest
572 1073 859 1129 reformari3
894 1079 1071 1121 tenera
1106 1073 1412 1136 finguntur.''
1484 1074 1568 1121 An
1600 1091 1711 1137 pro-

201 1158 438 1205 fecturus
485 1160 577 1204 sim
624 1155 806 1203 nescio.
882 1155 1020 1201 Malo
1067 1171 1350 1202 successum
1395 1155 1519 1202 mihi
1561 1143 1742 1220 quamf'*⁴

214 1239 366 1287 fidem
384 1239 574 1286 deesse.
631 1237 740 1284 Nec
759 1236 1101 1299 desperaveris
1121 1240 1276 1284 etiam
1294 1237 1516 1284 diutinos
1534 1254 1710 1300 aegros

213 1337 359 1384 posse
384 1323 562 1378 sanari,
604 1322 643 1365 si
690 1325 865 1365 contra
910 1322 1356 1381 intemperantiam
1403 1322 1621 1378 steteris,
1669 1323 1710 1367 si

212 1401 374 1449 multa
419 1404 601 1447 invitos
648 1406 701 1447 et
742 1399 906 1446 facere
954 1403 1178 1463 coegeris
1219 1405 1274 1447 et
1315 1404 1432 1463 pati.
1523 1400 1603 1448 Ne
1644 1401 1709 1449 de

211 1483 371 1530 altero
394 1481 602 1545 quidem
626 1484 744 1527 satis
774 1480 985 1528 fiduciae
1019 1481 1198 1539 habe0,
1224 1487 1439 1544 excepto
1471 1498 1549 1541 eo,
1573 1482 1709 1546 quod

211 1563 377 1611 adhuc
401 1578 609 1625 peccare
634 1562 898 1609 erubescit.
973 1562 1286 1610 Nutriendus
1319 1570 1398 1610 est
1426 1563 1508 1611 hic
1533 1563 1708 1627 pudor,

212 1648 298 1708 qui
322 1644 560 1709 quamdiu
607 1647 660 1690 in
705 1647 873 1690 animo
921 1647 1027 1691 eius
1074 1643 1346 1703 duraverit,
1387 1644 1565 1709 aliquis
1613 1649 1710 1693 erit

213 1727 374 1774 bonae
403 1729 510 1788 spei
545 1725 696 1772 locus.
771 1726 896 1771 Cum
933 1724 1028 1772 hoc
1062 1732 1302 1772 veterano
1332 1729 1526 1789 parcius
1555 1743 1704 1789 agen-

162 1815 192 1862 3
213 1808 335 1855 dum
376 1814 517 1870 puto,
557 1823 625 1854 ne
666 1810 719 1852 in
760 1806 1166 1868 desperationem
1207 1811 1281 1854 sui
1324 1811 1508 1854 veniat.
1599 1807 1708 1855 Nec

213 1889 371 1935 ullum
416 1895 619 1951 tempus
665 1887 997 1950 adgrediendi
1038 1887 1136 1935 fuit
1182 1889 1362 1935 melius
1408 1905 1558 1952 quam
1597 1889 1692 1936 hoc

213 1970 334 2016 dum
358 1972 721 2033 interquiescit,
747 1968 868 2015 dum
902 1969 1171 2016 emendato
1208 1970 1379 2017 similis
1416 1976 1506 2018 est.
1583 1970 1684 2017 Alii

212 2050 337 2097 haec
372 2053 674 2097 intermissio
711 2053 817 2096 eius
852 2052 1104 2112 inposuit3
1144 2050 1266 2097 mihi
1295 2052 1444 2098 verba
1472 2067 1574 2098 non
1604 2051 1691 2098 dat

213 2131 465 2194 Exspecto
513 2148 627 2178 cum
667 2147 851 2193 magno
887 2130 1091 2177 faenore
1138 2135 1260 2179 vitia
1307 2132 1545 2192 reditura,
1581 2120 1678 2196 {lua

210 2228 346 2260 nunc
383 2215 485 2258 scio
520 2228 730 2270 cessare,
765 2228 867 2258 non
902 2211 1093 2259 deesse.
1168 2213 1451 2275 Inpendam
1486 2213 1602 2260 huic
1637 2230 1661 2260 r

210 2292 318 2340 dies
368 2299 426 2340 et
476 2300 647 2340 utrum
698 2297 855 2355 possit
905 2292 1095 2356 aliquid
1146 2298 1228 2357 agi
1274 2311 1340 2340 an
1386 2311 1487 2341 non
1536 2299 1667 2358 possi

212 2360 452 2436 experiar.

277 2498 298 2517 α
325 2490 420 2531 The
440 2491 607 2532 second
626 2491 787 2537 friend,
809 2491 960 2532 whose
989 2491 1127 2533 faults
1147 2505 1224 2532 are
1242 2495 1291 2532 to
1312 2493 1368 2533 be
1391 2492 1584 2534 crushed
1611 2506 1669 2534 ou

211 2543 286 2585 He
305 2558 464 2598 proves
484 2549 532 2587 to
552 2545 609 2587 be
628 2559 753 2587 some
773 2546 894 2599 forty
913 2559 1044 2599 years
1065 2546 1168 2595 old;
1197 2546 1274 2587 the
1294 2547 1423 2588 other
1443 2548 1479 2587 is
1501 2561 1527 2587 a
1546 2550 1658 2600 yout

214 2616 306 2658 182
