1742 2872
487 172 635 219 THE
670 169 991 219 EPISTLES
1028 170 1118 218 OF
1154 168 1418 218 SENECA

125 337 150 342 Ἀ
205 289 426 340 noctem,
451 289 505 329 et
532 286 584 328 in
617 287 883 328 aeternum
915 280 1023 327 dies
1055 284 1186 327 vices
1218 278 1388 342 plures
1412 277 1534 324 facit
1565 282 1702 335 istas,
1731 288 1742 348 ἔ

152 351 181 397 8
205 367 307 397 non
345 350 465 396 alias
508 349 846 406 contractior,l
879 348 1000 394 alias
1036 347 1336 410 productior.
1413 344 1590 408 Itaque
1633 347 1701 391 sic
1734 350 1742 388 i

205 417 512 464 ordinandus
552 423 630 463 est
672 416 780 462 dies
821 418 998 472 omnis,
1035 421 1292 477 tamquam
1329 419 1478 475 cogat
1517 428 1702 474 agmen

206 491 260 531 et
284 490 600 531 consummet
625 490 779 546 atque
805 483 1010 545 expleat
1034 485 1203 527 vitam.
1737 518 1742 530 .

293 552 550 609 Pacuvius,
576 554 660 614 qui
698 550 890 613 Syriam
916 566 1007 596 usu
1042 565 1181 595 suam
1206 547 1344 605 fecit,
1370 563 1485 593 cum
1509 550 1624 593 vino
1650 552 1704 593 et
1735 555 1742 559 '

1035 619 1086 627 <sa-

204 618 303 665 illis
327 618 623 664 funebribus
658 617 820 680 epulis
852 614 981 693 sibi(
1047 608 1354 683 re‘fit'av‘erffl
1375 618 1444 661 sic
1480 617 1533 660 in
1566 613 1704 659 cubi·
1732 648 1737 654 .

206 685 375 731 culum
401 685 658 732 ferebatur
681 701 710 730 a
734 700 875 742 cena,
899 690 956 730 ut
981 633 1362 745 ἱἑὲῐλιιῖεἶίῗ’ρἸειιιειιε
1391 681 1703 728 exoletorum
1722 723 1734 742 ,Ι

206 752 301 799 hoc
336 753 401 799 ad
437 751 786 815 symphoniam
822 757 1115 798 caneretur:
1157 747 1413 811 βεβίωται,
1449 746 1699 809 βεβίωται.
1729 700 1742 802 i

153 818 182 865 9
210 819 362 866 Nullo
396 836 499 865 non
535 836 588 866 se
624 819 707 866 die
731 818 940 866 extulit.
1018 819 1148 875 Hoc,
1184 817 1319 880 quod
1355 816 1439 863 ille
1477 832 1538 862 ex
1574 807 1742 891 mala}

207 890 514 934 conscientia
561 886 796 943 faciebat,
838 902 929 932 nos
977 902 1039 931 ex
1086 885 1218 931 bona
1265 883 1503 930 faciamus
1551 888 1605 929 et
1651 885 1705 928 in
1729 892 1739 923 κ·

206 970 434 1000 somnum
460 957 578 1000 ituri
603 955 724 1000 laeti
749 953 1032 1015 hilaresque
1057 952 1310 998 dicamus:
1728 946 1730 971 ³

387 1046 492 1088 Vixi
512 1050 559 1088 et
578 1060 712 1101 quem
732 1045 919 1087 dederat
937 1059 1117 1087 cursum
1136 1045 1331 1091 fortuna,
1353 1045 1517 1098 peregi.

207 1137 491 1184 Crastinum
530 1140 570 1183 si
606 1137 850 1183 adiecerit
884 1136 1026 1194 deus,
1062 1137 1184 1182 laeti
1226 1139 1535 1198 recipiamus.
1611 1132 1704 1179 Ill

206 1205 522 1251 beatissimus
542 1210 621 1251 est
639 1210 694 1251 et
718 1220 920 1251 securus
945 1207 1020 1250 sui
1045 1218 1311 1266 possessor,
1330 1205 1416 1266 qui
1435 1204 1654 1248 crastinu
1667 1221 1693 1243 n

207 1275 315 1319 sine
357 1271 694 1318 sollicitudine
738 1277 986 1334 expectat.
1061 1269 1299 1334 Quisquis
1339 1270 1468 1317 dixit
1510 1266 1706 1326 “vixi,”

209 1339 394 1386 cotidie
419 1339 484 1385 ad
508 1339 702 1385 lucrum
727 1342 899 1401 surgit.
1710 1339 1711 1342 ’

126 1415 189 1463 10
278 1405 377 1453 Sed
398 1410 496 1452 iam
516 1405 680 1452 debeo
696 1406 966 1469 epistulam
983 1405 1257 1452 includere.
1326 1410 1357 1431 “
1374 1403 1502 1462 Sic,”
1524 1405 1689 1466 inquis
1707 1399 1720 1430 s

209 1477 365 1520 “sine
406 1473 510 1519 ullo
551 1473 615 1520 ad
657 1490 739 1520 me
778 1469 976 1545 peculio
1013 1471 1262 1519 veniet?”
1340 1471 1454 1518 Noli
1496 1473 1676 1517 timere
1702 1482 1729 1524 ζ,

209 1540 399 1603 aliquid
436 1557 606 1598 secum
642 1539 754 1587 fert.
827 1540 996 1599 Quare
1032 1539 1223 1603 aliquid
1257 1538 1395 1585 dixi?
1468 1537 1734 1587 Multum&

212 1605 350 1664 Quid
382 1611 517 1654 enim
552 1606 646 1654 hac
679 1624 800 1655 voce
837 1607 1154 1670 praeclarius,
1178 1623 1328 1670 quam
1359 1605 1432 1652 illi
1467 1605 1611 1652 trado
1641 1599 1705 1651 ad

213 1681 265 1721 te
290 1674 680 1737 perferendam?
749 1680 780 1702 “
799 1674 990 1721 Malum
1009 1680 1087 1722 est
1111 1677 1164 1720 in
1182 1677 1485 1721 necessitate
1510 1675 1676 1719 vivere
1691 1685 1705 1728 3
1722 1645 1734 1754 i

212 1742 300 1788 sed
359 1745 413 1788 in
464 1745 767 1789 necessitate
827 1746 992 1789 vivere
1051 1744 1323 1788 necessitas
1381 1739 1520 1787 nulla
1578 1736 1703 1787 est.'’

213 1807 404 1866 Quidni
451 1809 591 1856 nulla
637 1812 738 1856 sit?
810 1809 994 1856 Patent
1041 1809 1265 1871 undique
1313 1807 1377 1854 ad
1419 1807 1720 1854 libertate-15

281 1895 294 1919 ¹
324 1901 363 1936 ct
382 1896 431 1936 in
449 1900 672 1936 aeternum
699 1895 789 1936 dics
807 1896 915 1937 vices
929 1896 1080 1949 plures
1097 1896 1215 1959 sapit
1233 1895 1339 1937 istas
1357 1908 1446 1936 non
1473 1894 1585 1935 alias
1613 1907 1651 1934 c

214 1949 397 1990 tractior
415 1949 565 2002 Capps
582 1966 594 1996 3
623 1955 663 1990 et
681 1949 729 1990 in
744 1949 937 1991 alternas
949 1950 1106 1991 munda
1121 1963 1229 1991 vaces
1240 1949 1378 2012 plura
1387 1949 1505 2002 facit
1523 1948 1608 1989 ista
1660 1965 1669 1984 ι
1695 1967 1697 1970 ·
1724 1967 1727 1971 ’

213 2003 326 2097 cll-{ias
346 2004 609 2044 contractior
637 2002 768 2045 MSS.
790 2020 802 2052 ς
829 2018 919 2045 non
938 2004 1030 2045 alia
1063 2035 1072 2045 .
1104 2036 1114 2047 .
1149 2037 1159 2046 .
1192 2004 1306 2044 alms
1332 2002 1594 2044 contractior
1619 2004 1691 2042 ebe
1723 2006 1726 2022 ¹

265 2070 386 2098 ense.

282 2152 302 2171 ‘¹
329 2145 416 2195 i.0.,
442 2144 494 2185 of
509 2144 625 2198 light
642 2144 734 2186 and
752 2143 984 2187 darkness.

283 2199 300 2224 ὁ
335 2198 445 2240 Usus
469 2212 560 2240 was
585 2198 665 2240 the
690 2212 811 2240 mere
836 2199 1098 2253 enjoyment
1120 2199 1172 2240 of
1195 2213 1224 2239 a
1246 2200 1370 2252 piece
1393 2198 1445 2240 of
1469 2200 1699 2251 property
1737 2230 1740 2247 ,

216 2253 456 2294 dominium
475 2266 566 2294 was
584 2252 664 2294 the
683 2253 906 2295 exclusive
921 2252 1042 2306 right
1058 2257 1107 2294 to
1126 2254 1184 2294 its
1204 2252 1389 2295 control.
1453 2252 1679 2294 Possessio
1692 2252 1709 2286 ι’

215 2305 287 2347 for
314 2319 417 2353 one,
447 2320 497 2347 or
527 2310 634 2354 two,
669 2320 800 2361 years
833 2306 1068 2348 conferred
1099 2306 1363 2360 ownership.
1423 2305 1508 2348 See
1544 2305 1709 2359 Leage'.
1735 2300 1742 2353 ζ

217 2360 391 2401 Roman
427 2361 608 2402 Privato
643 2362 764 2408 Law,
804 2374 878 2414 pp.
919 2363 1011 2407 133,
1050 2363 1142 2407 152,
1182 2360 1272 2401 and
1313 2364 1402 2402 164.
1481 2358 1711 2413 Although
1735 2362 1737 2381 ⁴

221 2413 440 2455 Pacuvius
475 2428 566 2456 was
593 2427 814 2467 governor
842 2428 892 2455 so
925 2414 1033 2468 long
1059 2414 1160 2455 that
1186 2414 1264 2455 the
1293 2416 1502 2468 province
1533 2408 1712 2458 seemed
1735 2427 1740 2450 Ι

218 2470 266 2508 to
285 2468 449 2522 belong
467 2472 515 2509 to
534 2468 642 2516 him,
664 2472 744 2522 yet
762 2468 819 2509 he
839 2468 971 2509 knew
990 2469 1046 2509 he
1065 2468 1210 2522 might
1229 2468 1302 2510 die
1321 2482 1412 2522 any
1431 2468 1534 2522 day.
1730 2452 1740 2516 1

286 2529 301 2547 ⁰
331 2521 499 2575 Vergil,
521 2523 709 2571 Aeneid,
729 2525 786 2565 iv.
811 2526 903 2563 653.

284 2577 305 2602 α
333 2575 568 2629 Epicurus,
593 2576 798 2631 Spq-aiche,
820 2580 844 2616 9
867 2575 1045 2618 Wotke.

220 2643 284 2690 70
1702 2630 1732 2690 1}
