1742 2872
501 100 648 147 THE
685 101 1005 150 EPISTLES
1042 103 1133 151 OF
1167 103 1432 151 SENECA

221 207 439 255 libenter
462 212 599 256 mori.
677 209 754 256 Da
777 226 997 273 operam,
1022 228 1087 258 ne
1112 211 1233 274 quid
1267 228 1500 275 umquam
1528 216 1700 260 invitu

118 297 195 349 „3
217 288 380 342 facias.
454 289 707 354 Quicquid
749 308 954 339 necesse
1001 292 1226 339 futurum
1269 299 1347 340 est
1392 292 1706 356 repugnanti

216 370 402 417 volenti
447 375 718 418 necessitas
759 390 859 419 non
897 379 987 421 est.
1063 373 1141 420 Ita
1183 374 1324 421 dico:
1377 379 1462 437 qui
1506 378 1714 438 imperi

214 450 376 498 libens
401 457 604 516 excipit,
629 460 823 516 partem
847 456 1214 502 acerbissimam
1240 459 1493 502 servitutis
1518 457 1713 521 effugit*
1741 522 1742 525 ¹

214 531 378 580 facere
403 534 538 598 quod
563 535 703 582 nolit.
770 535 879 582 Non
907 539 991 599 qui
1016 540 1175 584 iussus
1191 537 1379 600 aliquid
1406 536 1542 596 facit,
1562 541 1675 585 mis·
1740 575 1742 585 .

213 620 306 672 est,
324 621 401 662 set
419 619 505 679 qui
529 619 715 663 invitus
734 615 868 664 facit.
932 617 1109 681 Itaque
1135 621 1203 664 sic
1222 621 1443 664 animum
1463 635 1688 682 conpona
1737 605 1742 609 Δ

214 711 339 754 mus,
365 703 422 743 ut
457 698 695 760 quicquid
730 714 808 745 res
843 701 1031 761 exiget,
1057 699 1108 746 id
1143 699 1351 746 velimus
1377 706 1431 746 et
1463 703 1513 746 in
1540 704 1740 763 prim'··

163 782 192 828 4
214 783 270 824 ut
311 777 462 824 finem
502 782 659 826 nostri
701 783 808 826 sine
858 783 1060 826 tristitia
1102 784 1391 843 cogitemus.
1466 781 1604 828 Ante
1653 787 1739 825 ...ᾖ

212 865 426 906 mortem
468 876 618 922 quam
658 860 723 907 ad
765 864 917 908 vitam
955 862 1281 924 praeparandi
1324 878 1505 909 sumus.
1580 862 1698 910 Sat·
1735 911 1737 923 ⁴

210 942 453 987 instructa
486 944 587 988 vita
611 947 704 999 est,
730 942 819 989 sed
855 958 944 989 nos
981 946 1033 989 in
1069 946 1405 990 instrumenta
1437 947 1543 990 eius
1575 943 1708 992 avidi
1734 925 1739 969 Ῐ

211 1037 409 1080 sumus;
442 1023 618 1071 deesse
642 1024 830 1087 aliquid
856 1025 998 1072 nobis
1032 1025 1231 1071 videtur
1263 1031 1316 1072 et
1349 1041 1548 1089 semper
1572 1026 1686 1075 vide
1735 1043 1738 1058 ¹

213 1103 358 1150 bitur.
434 1104 506 1152 Ut
532 1109 650 1152 satis
675 1109 959 1164 vixerimus,
985 1123 1079 1154 nec
1103 1110 1221 1152 anni
1247 1123 1341 1154 nec
1366 1106 1474 1154 dies
1500 1106 1742 1174 faciuntj.

211 1185 301 1232 sed
342 1189 548 1234 animus.
626 1186 754 1245 Vixi,
796 1187 953 1234 Lucili
999 1191 1266 1246 carissime,
1301 1195 1545 1252 quantum
1588 1206 1641 1237 sa
1669 1179 1742 1254 ’.ἷ-

210 1273 348 1324 erat3
384 1275 595 1315 mortem
625 1269 801 1332 plenus
826 1275 1076 1333 exspecto.
1152 1269 1302 1319 VALE.

885 1483 1039 1531 Lx11.
1710 1423 1728 1547 i

546 1621 740 1670 SENECA
781 1624 978 1671 Lvmmo
1015 1640 1098 1671 svo
1135 1640 1352 1671 SALVTEM
1736 1630 1741 1746 ἱ

161 1765 184 1813 l
297 1764 633 1821 Mentiuntur,
677 1767 761 1827 qui
805 1765 897 1810 sibi
940 1765 1137 1811 obstare
1176 1764 1238 1811 ad
1282 1764 1447 1812 studia
1482 1765 1673 1814 liberali
1737 1754 1740 1762 ‚

208 1846 405 1892 turbam
442 1849 759 1909 negotiorum
792 1846 949 1892 videri
979 1840 1154 1893 volunt
1171 1862 1183 1903 ;
1225 1847 1463 1895 simulant
1493 1865 1681 1912 occupa

207 1930 370 1974 tiones
395 1934 448 1974 et
481 1933 670 1990 augent
707 1933 761 1974 et
796 1931 889 1990 ipsi
926 1944 979 1975 se
1014 1934 1276 1990 occupant.
1350 1929 1500 1988 Vaco,
1528 1929 1685 1978 Lucili

208 2022 326 2052 vaco
352 2012 405 2053 et
436 2007 737 2069 ubicumque
766 2022 892 2064 sum,
918 2007 987 2053 ibi
1012 2022 1151 2053 meus
1176 2023 1297 2054 sum.
1376 2007 1541 2055 Rebus
1567 2012 1650 2056 eni

207 2103 288 2134 me
313 2103 413 2133 non
440 2087 599 2146 trado,
623 2087 713 2134 sed
742 2087 1020 2146 commodo,
1045 2104 1139 2135 nec
1173 2095 1434 2136 consector
1457 2089 1701 2152 perdend'

207 2172 444 2231 temporis
486 2184 669 2216 causas.
743 2169 810 2216 Et
857 2185 1173 2232 quocumque
1221 2173 1423 2216 constiti
1470 2170 1595 2228 loco,
1633 2171 1699 2233 ib·

206 2253 536 2311 cogitationes
562 2266 696 2297 meas
720 2256 881 2297 tracto
906 2256 959 2297 et
991 2250 1179 2314 aliquid
1213 2254 1263 2297 in
1296 2255 1462 2297 animo
1487 2251 1695 2298 salutar

1733 1983 1742 2084 t—a—-q-

273 2356 294 2374 ¹⁴
322 2347 365 2388 A
381 2349 698 2388 reminiscence
713 2346 764 2388 of
782 2346 1031 2394 Lucretius,
1050 2348 1108 2389 iii.
1129 2347 1249 2389 938f.
1276 2347 1365 2388 Gur
1379 2361 1466 2388 non
1484 2353 1533 2388 ut
1547 2349 1652 2401 plen
1692 2355 1695 2357 ’

205 2401 318 2443 vitae
346 2402 522 2443 conviva
551 2400 709 2443 recedis
737 2400 888 2455 Aequo
917 2402 1142 2465 animoque
1169 2415 1219 2442 oa
1254 2402 1288 2442 is
1320 2415 1526 2448 securam,
1557 2402 1691 2443 stulte
1715 2444 1717 2446 ,

206 2455 418 2509 quietem?
476 2455 543 2509 Cf.
563 2455 658 2495 also
679 2454 874 2502 Horace,
895 2455 985 2497 Sat.
1006 2456 1033 2497 i.
1062 2459 1097 2497 l.
1123 2458 1241 2497 118.
1262 2457 1353 2496 vita
1370 2457 1502 2497 Cedat
1521 2456 1627 2497 utic
1691 2472 1694 2473 ⁷

205 2510 304 2551 viva
321 2515 458 2551 satur.

210 2574 307 2622 426

1680 2570 1716 2872 maz
