<?xml version="1.0" encoding="UTF-8"?>
<!DOCTYPE html PUBLIC "-//W3C//DTD XHTML 1.0 Transitional//EN"
    "http://www.w3.org/TR/xhtml1/DTD/xhtml1-transitional.dtd">
<html xmlns="http://www.w3.org/1999/xhtml" xml:lang="en" lang="en">
 <head>
  <title>
</title>
<meta http-equiv="Content-Type" content="text/html;charset=utf-8" />
  <meta name='ocr-system' content='tesseract 3.04.00' />
  <meta name='ocr-capabilities' content='ocr_page ocr_carea ocr_par ocr_line ocrx_word'/>
</head>
<body>
  <div class='ocr_page' id='page_1' title='image "adluciliumepistu01seneuoft_0086.png"; bbox 0 0 1742 2872; ppageno 0'>
   <div class='ocr_carea' id='block_1_1' title="bbox 462 0 1741 250">
    <p class='ocr_par' dir='ltr' id='par_1_1' title="bbox 462 0 1741 250">
     <span class='ocr_line' id='line_1_1' title="bbox 462 0 1741 250; baseline 0.001 -63"><span class='ocrx_word' id='word_1_1' title='bbox 462 140 608 188; x_wconf 87' lang='lat' dir='ltr'><strong>THE</strong></span> <span class='ocrx_word' id='word_1_2' title='bbox 644 141 965 188; x_wconf 91' lang='lat' dir='ltr'>EPISTLES</span> <span class='ocrx_word' id='word_1_3' title='bbox 1003 141 1094 189; x_wconf 80' lang='lat' dir='ltr'><strong>OF</strong></span> <span class='ocrx_word' id='word_1_4' title='bbox 1128 140 1397 189; x_wconf 91' lang='lat' dir='ltr'><strong>SENECA</strong></span> <span class='ocrx_word' id='word_1_5' title='bbox 1698 0 1741 250; x_wconf 43' lang='grc' dir='ltr'>ἓ</span> 
     </span>
    </p>
   </div>
   <div class='ocr_carea' id='block_1_2' title="bbox 114 249 1742 2257">
    <p class='ocr_par' dir='ltr' id='par_1_2' title="bbox 114 235 1742 2257">
     <span class='ocr_line' id='line_1_2' title="bbox 180 249 1678 313; baseline 0.002 -18"><span class='ocrx_word' id='word_1_6' title='bbox 180 265 294 295; x_wconf 91' lang='lat' dir='ltr'><strong>cum</strong></span> <span class='ocrx_word' id='word_1_7' title='bbox 314 249 494 296; x_wconf 86' lang='lat' dir='ltr'><strong>faciem</strong></span> <span class='ocrx_word' id='word_1_8' title='bbox 514 254 621 297; x_wconf 92' lang='lat' dir='ltr'><strong>eius</strong></span> <span class='ocrx_word' id='word_1_9' title='bbox 639 254 842 313; x_wconf 88' lang='lat' dir='ltr'><strong>sanguis</strong></span> <span class='ocrx_word' id='word_1_10' title='bbox 860 254 1123 298; x_wconf 88' lang='lat' dir='ltr'><strong>invaserat.</strong></span> <span class='ocrx_word' id='word_1_11' title='bbox 1197 251 1336 297; x_wconf 89' lang='lat' dir='ltr'><strong>Nihil</strong></span> <span class='ocrx_word' id='word_1_12' title='bbox 1355 257 1463 297; x_wconf 88' lang='lat' dir='ltr'><strong>erat</strong></span> <span class='ocrx_word' id='word_1_13' title='bbox 1481 249 1678 298; x_wconf 90' lang='lat' dir='ltr'><strong>mollius</strong></span> 
     </span>
     <span class='ocr_line' id='line_1_3' title="bbox 114 327 1739 394; baseline 0.001 -21"><span class='ocrx_word' id='word_1_14' title='bbox 114 347 137 351; x_wconf 43' lang='lat'><strong>*⁷</strong></span> <span class='ocrx_word' id='word_1_15' title='bbox 180 343 264 373; x_wconf 93' lang='lat' dir='ltr'><strong>ore</strong></span> <span class='ocrx_word' id='word_1_16' title='bbox 303 327 538 390; x_wconf 84' lang='lat' dir='ltr'><strong>Pompei3</strong></span> <span class='ocrx_word' id='word_1_17' title='bbox 579 345 855 391; x_wconf 85' lang='lat' dir='ltr'><strong>numquam</strong></span> <span class='ocrx_word' id='word_1_18' title='bbox 889 345 992 375; x_wconf 93' lang='lat' dir='ltr'><strong>non</strong></span> <span class='ocrx_word' id='word_1_19' title='bbox 1027 345 1193 375; x_wconf 87' lang='lat' dir='ltr'><strong>coram</strong></span> <span class='ocrx_word' id='word_1_20' title='bbox 1231 329 1455 391; x_wconf 91' lang='lat' dir='ltr'><strong>pluribus</strong></span> <span class='ocrx_word' id='word_1_21' title='bbox 1491 330 1678 386; x_wconf 88' lang='lat' dir='ltr'><strong>rubuit,</strong></span> <span class='ocrx_word' id='word_1_22' title='bbox 1719 328 1739 394; x_wconf 65' lang='grc' dir='ltr'><strong>ξε</strong></span> 
     </span>
     <span class='ocr_line' id='line_1_4' title="bbox 180 394 1739 509; baseline 0.002 -58"><span class='ocrx_word' id='word_1_23' title='bbox 180 408 356 468; x_wconf 86' lang='lat' dir='ltr'><strong>utique</strong></span> <span class='ocrx_word' id='word_1_24' title='bbox 389 409 442 451; x_wconf 94' lang='lat' dir='ltr'><strong>in</strong></span> <span class='ocrx_word' id='word_1_25' title='bbox 478 407 808 453; x_wconf 89' lang='lat' dir='ltr'><strong>contionibus.</strong></span> <span class='ocrx_word' id='word_1_26' title='bbox 885 407 1175 465; x_wconf 89' lang='lat' dir='ltr'><strong>Fabianum,</strong></span> <span class='ocrx_word' id='word_1_27' title='bbox 1210 423 1324 453; x_wconf 90' lang='lat' dir='ltr'><strong>cum</strong></span> <span class='ocrx_word' id='word_1_28' title='bbox 1358 410 1412 452; x_wconf 91' lang='lat' dir='ltr'><strong>in</strong></span> <span class='ocrx_word' id='word_1_29' title='bbox 1448 413 1679 454; x_wconf 87' lang='lat' dir='ltr'><strong>senatum</strong></span> <span class='ocrx_word' id='word_1_30' title='bbox 1716 394 1739 509; x_wconf 29' lang='lat' dir='ltr'><strong>{i</strong></span> 
     </span>
     <span class='ocr_line' id='line_1_5' title="bbox 180 483 1741 560; baseline 0.001 -31"><span class='ocrx_word' id='word_1_31' title='bbox 180 486 324 529; x_wconf 89' lang='lat' dir='ltr'><strong>testis</strong></span> <span class='ocrx_word' id='word_1_32' title='bbox 357 489 491 530; x_wconf 88' lang='lat' dir='ltr'><strong>esset</strong></span> <span class='ocrx_word' id='word_1_33' title='bbox 523 483 776 542; x_wconf 89' lang='lat' dir='ltr'><strong>inductus,</strong></span> <span class='ocrx_word' id='word_1_34' title='bbox 802 485 1058 530; x_wconf 89' lang='lat' dir='ltr'><strong>erubuisse</strong></span> <span class='ocrx_word' id='word_1_35' title='bbox 1091 487 1310 543; x_wconf 88' lang='lat' dir='ltr'><strong>memini,</strong></span> <span class='ocrx_word' id='word_1_36' title='bbox 1341 489 1395 530; x_wconf 92' lang='lat' dir='ltr'><strong>et</strong></span> <span class='ocrx_word' id='word_1_37' title='bbox 1425 483 1508 529; x_wconf 91' lang='lat' dir='ltr'><strong>hic</strong></span> <span class='ocrx_word' id='word_1_38' title='bbox 1538 483 1679 530; x_wconf 93' lang='lat' dir='ltr'><strong>illum</strong></span> <span class='ocrx_word' id='word_1_39' title='bbox 1719 514 1741 560; x_wconf 36' lang='grc' dir='ltr'><strong>,ι</strong></span> 
     </span>
     <span class='ocr_line' id='line_1_6' title="bbox 128 560 1741 623; baseline 0.001 -17"><span class='ocrx_word' id='word_1_40' title='bbox 128 560 157 607; x_wconf 83' lang='grc'>5</span> <span class='ocrx_word' id='word_1_41' title='bbox 180 563 304 607; x_wconf 88' lang='lat' dir='ltr'><strong>mire</strong></span> <span class='ocrx_word' id='word_1_42' title='bbox 340 560 502 623; x_wconf 91' lang='lat' dir='ltr'><strong>pudor</strong></span> <span class='ocrx_word' id='word_1_43' title='bbox 535 561 720 607; x_wconf 83' lang='lat' dir='ltr'><strong>decuit.</strong></span> <span class='ocrx_word' id='word_1_44' title='bbox 798 561 911 607; x_wconf 93' lang='lat' dir='ltr'><strong>Non</strong></span> <span class='ocrx_word' id='word_1_45' title='bbox 946 561 1132 608; x_wconf 91' lang='lat' dir='ltr'><strong>accidit</strong></span> <span class='ocrx_word' id='word_1_46' title='bbox 1168 561 1263 607; x_wconf 95' lang='lat' dir='ltr'><strong>hoc</strong></span> <span class='ocrx_word' id='word_1_47' title='bbox 1294 561 1358 607; x_wconf 91' lang='lat' dir='ltr'><strong>ab</strong></span> <span class='ocrx_word' id='word_1_48' title='bbox 1390 561 1679 608; x_wconf 89' lang='lat' dir='ltr'><strong>infirmitate</strong></span> <span class='ocrx_word' id='word_1_49' title='bbox 1719 561 1741 620; x_wconf 54' lang='lat' dir='ltr'><strong>l</strong></span> 
     </span>
     <span class='ocr_line' id='line_1_7' title="bbox 179 637 1739 702; baseline 0.001 -18"><span class='ocrx_word' id='word_1_50' title='bbox 179 641 382 696; x_wconf 91' lang='lat' dir='ltr'><strong>mentis,</strong></span> <span class='ocrx_word' id='word_1_51' title='bbox 440 637 530 684; x_wconf 91' lang='lat' dir='ltr'><strong>sed</strong></span> <span class='ocrx_word' id='word_1_52' title='bbox 589 655 618 683; x_wconf 91' lang='lat' dir='ltr'><strong>a</strong></span> <span class='ocrx_word' id='word_1_53' title='bbox 676 642 902 685; x_wconf 86' lang='lat' dir='ltr'><strong>novitate</strong></span> <span class='ocrx_word' id='word_1_54' title='bbox 966 642 1055 696; x_wconf 90' lang='lat' dir='ltr'><strong>rei,</strong></span> <span class='ocrx_word' id='word_1_55' title='bbox 1114 655 1243 702; x_wconf 88' lang='lat' dir='ltr'><strong>quae</strong></span> <span class='ocrx_word' id='word_1_56' title='bbox 1307 642 1681 697; x_wconf 80' lang='lat' dir='ltr'><strong>inexercitatos,</strong></span> <span class='ocrx_word' id='word_1_57' title='bbox 1724 644 1739 653; x_wconf 77' lang='grc'><strong>’“</strong></span> 
     </span>
     <span class='ocr_line' id='line_1_8' title="bbox 182 716 1741 793; baseline 0.002 -33"><span class='ocrx_word' id='word_1_58' title='bbox 182 718 378 761; x_wconf 89' lang='lat' dir='ltr'><strong>etiamsi</strong></span> <span class='ocrx_word' id='word_1_59' title='bbox 403 731 506 761; x_wconf 88' lang='lat' dir='ltr'><strong>non</strong></span> <span class='ocrx_word' id='word_1_60' title='bbox 531 719 774 772; x_wconf 82' lang='lat' dir='ltr'><strong>concutit,</strong></span> <span class='ocrx_word' id='word_1_61' title='bbox 798 721 971 762; x_wconf 91' lang='lat' dir='ltr'><strong>movet</strong></span> <span class='ocrx_word' id='word_1_62' title='bbox 994 716 1213 762; x_wconf 89' lang='lat' dir='ltr'><strong>naturali</strong></span> <span class='ocrx_word' id='word_1_63' title='bbox 1237 719 1290 761; x_wconf 91' lang='lat' dir='ltr'><strong>in</strong></span> <span class='ocrx_word' id='word_1_64' title='bbox 1315 716 1411 762; x_wconf 91' lang='lat' dir='ltr'><strong>hoc</strong></span> <span class='ocrx_word' id='word_1_65' title='bbox 1436 716 1680 763; x_wconf 84' lang='lat' dir='ltr'><strong>facilitate</strong></span> <span class='ocrx_word' id='word_1_66' title='bbox 1720 732 1741 793; x_wconf 72' lang='lat'><strong>¹2</strong></span> 
     </span>
     <span class='ocr_line' id='line_1_9' title="bbox 181 793 1730 859; baseline 0.001 -21"><span class='ocrx_word' id='word_1_67' title='bbox 181 795 399 854; x_wconf 88' lang='lat' dir='ltr'><strong>corporis</strong></span> <span class='ocrx_word' id='word_1_68' title='bbox 448 808 644 854; x_wconf 89' lang='lat' dir='ltr'><strong>pronos.</strong></span> <span class='ocrx_word' id='word_1_69' title='bbox 736 793 863 838; x_wconf 89' lang='lat' dir='ltr'><strong>Nam</strong></span> <span class='ocrx_word' id='word_1_70' title='bbox 914 798 971 838; x_wconf 91' lang='lat' dir='ltr'><strong>ut</strong></span> <span class='ocrx_word' id='word_1_71' title='bbox 1018 793 1220 856; x_wconf 87' lang='lat' dir='ltr'><strong>quidam</strong></span> <span class='ocrx_word' id='word_1_72' title='bbox 1265 794 1384 839; x_wconf 93' lang='lat' dir='ltr'><strong>boni</strong></span> <span class='ocrx_word' id='word_1_73' title='bbox 1426 797 1681 856; x_wconf 88' lang='lat' dir='ltr'><strong>sanguinis</strong></span> <span class='ocrx_word' id='word_1_74' title='bbox 1710 804 1730 859; x_wconf 62' lang='grc' dir='ltr'><strong>Δζ</strong></span> 
     </span>
     <span class='ocr_line' id='line_1_10' title="bbox 181 861 1729 934; baseline 0.001 -18"><span class='ocrx_word' id='word_1_75' title='bbox 181 877 316 927; x_wconf 90' lang='lat' dir='ltr'><strong>sunt,</strong></span> <span class='ocrx_word' id='word_1_76' title='bbox 357 873 430 917; x_wconf 88' lang='lat' dir='ltr'><strong>ita</strong></span> <span class='ocrx_word' id='word_1_77' title='bbox 471 869 675 933; x_wconf 86' lang='lat' dir='ltr'><strong>quidam</strong></span> <span class='ocrx_word' id='word_1_78' title='bbox 717 873 915 917; x_wconf 85' lang='lat' dir='ltr'><strong>incitati</strong></span> <span class='ocrx_word' id='word_1_79' title='bbox 959 876 1012 917; x_wconf 92' lang='lat' dir='ltr'><strong>et</strong></span> <span class='ocrx_word' id='word_1_80' title='bbox 1054 871 1252 918; x_wconf 89' lang='lat' dir='ltr'><strong>mobilis</strong></span> <span class='ocrx_word' id='word_1_81' title='bbox 1293 877 1348 918; x_wconf 92' lang='lat' dir='ltr'><strong>et</strong></span> <span class='ocrx_word' id='word_1_82' title='bbox 1390 875 1492 917; x_wconf 89' lang='lat' dir='ltr'><strong>cito</strong></span> <span class='ocrx_word' id='word_1_83' title='bbox 1533 874 1586 917; x_wconf 88' lang='lat' dir='ltr'><strong>in</strong></span> <span class='ocrx_word' id='word_1_84' title='bbox 1627 886 1682 918; x_wconf 90' lang='lat' dir='ltr'><strong>os</strong></span> <span class='ocrx_word' id='word_1_85' title='bbox 1709 861 1729 934; x_wconf 70' lang='lat'><strong>[³</strong></span> 
     </span>
     <span class='ocr_line' id='line_1_11' title="bbox 182 947 493 1011; baseline 0.001 -17"><span class='ocrx_word' id='word_1_86' title='bbox 182 947 493 1011; x_wconf 88' lang='lat' dir='ltr'><strong>prodeuntis.</strong></span> 
     </span>
     <span class='ocr_line' id='line_1_12' title="bbox 129 1014 1715 1089; baseline 0.001 -19"><span class='ocrx_word' id='word_1_87' title='bbox 129 1030 157 1078; x_wconf 92' lang='lat'><strong>6</strong></span> <span class='ocrx_word' id='word_1_88' title='bbox 269 1025 430 1082; x_wconf 90' lang='lat' dir='ltr'><strong>Haec,</strong></span> <span class='ocrx_word' id='word_1_89' title='bbox 472 1031 532 1071; x_wconf 93' lang='lat' dir='ltr'><strong>ut</strong></span> <span class='ocrx_word' id='word_1_90' title='bbox 572 1024 693 1082; x_wconf 88' lang='lat' dir='ltr'><strong>dixi,</strong></span> <span class='ocrx_word' id='word_1_91' title='bbox 735 1025 875 1072; x_wconf 88' lang='lat' dir='ltr'><strong>nulla</strong></span> <span class='ocrx_word' id='word_1_92' title='bbox 921 1014 1170 1088; x_wconf 83' lang='lat' dir='ltr'><strong>sapientia</strong></span> <span class='ocrx_word' id='word_1_93' title='bbox 1213 1027 1404 1089; x_wconf 84' lang='lat' dir='ltr'><strong>abigit3</strong></span> <span class='ocrx_word' id='word_1_94' title='bbox 1461 1024 1715 1089; x_wconf 75' lang='lat' dir='ltr'><strong>alioquin³</strong></span> 
     </span>
     <span class='ocr_line' id='line_1_13' title="bbox 182 1101 1724 1189; baseline 0.002 -41"><span class='ocrx_word' id='word_1_95' title='bbox 182 1101 395 1149; x_wconf 89' lang='lat' dir='ltr'><strong>haberet</strong></span> <span class='ocrx_word' id='word_1_96' title='bbox 414 1119 579 1149; x_wconf 88' lang='lat' dir='ltr'><strong>rerum</strong></span> <span class='ocrx_word' id='word_1_97' title='bbox 597 1109 829 1150; x_wconf 88' lang='lat' dir='ltr'><strong>naturam</strong></span> <span class='ocrx_word' id='word_1_98' title='bbox 848 1104 941 1150; x_wconf 90' lang='lat' dir='ltr'><strong>sub</strong></span> <span class='ocrx_word' id='word_1_99' title='bbox 960 1107 1187 1166; x_wconf 89' lang='lat' dir='ltr'><strong>imperio,</strong></span> <span class='ocrx_word' id='word_1_100' title='bbox 1207 1108 1248 1150; x_wconf 90' lang='lat' dir='ltr'><strong>si</strong></span> <span class='ocrx_word' id='word_1_101' title='bbox 1267 1108 1435 1151; x_wconf 89' lang='lat' dir='ltr'><strong>omnia</strong></span> <span class='ocrx_word' id='word_1_102' title='bbox 1452 1104 1685 1152; x_wconf 87' lang='lat' dir='ltr'><strong>eraderet</strong></span> <span class='ocrx_word' id='word_1_103' title='bbox 1706 1127 1724 1189; x_wconf 55' lang='grc' dir='ltr'>ζ</span> 
     </span>
     <span class='ocr_line' id='line_1_14' title="bbox 183 1178 1714 1243; baseline 0.003 -18"><span class='ocrx_word' id='word_1_104' title='bbox 183 1183 316 1226; x_wconf 89' lang='lat' dir='ltr'><strong>vitia.</strong></span> <span class='ocrx_word' id='word_1_105' title='bbox 391 1178 753 1243; x_wconf 84' lang='lat' dir='ltr'><strong>Quaecumque</strong></span> <span class='ocrx_word' id='word_1_106' title='bbox 794 1180 1038 1228; x_wconf 88' lang='lat' dir='ltr'><strong>adtribuit</strong></span> <span class='ocrx_word' id='word_1_107' title='bbox 1079 1182 1308 1228; x_wconf 91' lang='lat' dir='ltr'><strong>condicio</strong></span> <span class='ocrx_word' id='word_1_108' title='bbox 1348 1182 1589 1229; x_wconf 91' lang='lat' dir='ltr'><strong>nascendi</strong></span> <span class='ocrx_word' id='word_1_109' title='bbox 1630 1187 1684 1230; x_wconf 89' lang='lat' dir='ltr'><strong>et</strong></span> <span class='ocrx_word' id='word_1_110' title='bbox 1703 1191 1714 1211; x_wconf 77' lang='lat'><strong><em>¹</em></strong></span> 
     </span>
     <span class='ocr_line' id='line_1_15' title="bbox 183 1259 1714 1323; baseline 0.002 -20"><span class='ocrx_word' id='word_1_111' title='bbox 183 1261 399 1320; x_wconf 90' lang='lat' dir='ltr'><strong>corporis</strong></span> <span class='ocrx_word' id='word_1_112' title='bbox 425 1264 783 1320; x_wconf 87' lang='lat' dir='ltr'><strong>temperatura,</strong></span> <span class='ocrx_word' id='word_1_113' title='bbox 810 1275 924 1305; x_wconf 89' lang='lat' dir='ltr'><strong>cum</strong></span> <span class='ocrx_word' id='word_1_114' title='bbox 947 1259 1163 1306; x_wconf 90' lang='lat' dir='ltr'><strong>multum</strong></span> <span class='ocrx_word' id='word_1_115' title='bbox 1190 1275 1244 1306; x_wconf 93' lang='lat' dir='ltr'><strong>se</strong></span> <span class='ocrx_word' id='word_1_116' title='bbox 1269 1259 1457 1323; x_wconf 91' lang='lat' dir='ltr'><strong>diuque</strong></span> <span class='ocrx_word' id='word_1_117' title='bbox 1491 1263 1684 1307; x_wconf 89' lang='lat' dir='ltr'><strong>animus</strong></span> <span class='ocrx_word' id='word_1_118' title='bbox 1703 1301 1714 1323; x_wconf 34' lang='grc' dir='ltr'><strong>ι,</strong></span> 
     </span>
     <span class='ocr_line' id='line_1_16' title="bbox 183 1327 1714 1400; baseline 0.003 -19"><span class='ocrx_word' id='word_1_119' title='bbox 183 1339 520 1398; x_wconf 88' lang='lat' dir='ltr'><strong>conposuerit,</strong></span> <span class='ocrx_word' id='word_1_120' title='bbox 552 1335 848 1383; x_wconf 88' lang='lat' dir='ltr'><strong>haerebunt.</strong></span> <span class='ocrx_word' id='word_1_121' title='bbox 924 1337 1064 1383; x_wconf 91' lang='lat' dir='ltr'><strong>Nihil</strong></span> <span class='ocrx_word' id='word_1_122' title='bbox 1096 1337 1275 1384; x_wconf 89' lang='lat' dir='ltr'><strong>horum</strong></span> <span class='ocrx_word' id='word_1_123' title='bbox 1307 1342 1465 1384; x_wconf 89' lang='lat' dir='ltr'><strong>vetari</strong></span> <span class='ocrx_word' id='word_1_124' title='bbox 1498 1344 1684 1400; x_wconf 89' lang='lat' dir='ltr'><strong>potest,</strong></span> <span class='ocrx_word' id='word_1_125' title='bbox 1707 1327 1714 1357; x_wconf 99' lang='lat'><em>⁴</em></span> 
     </span>
     <span class='ocr_line' id='line_1_17' title="bbox 132 1411 1711 1479; baseline 0.003 -21"><span class='ocrx_word' id='word_1_126' title='bbox 132 1421 160 1471; x_wconf 87' lang='lat'><strong>7</strong></span> <span class='ocrx_word' id='word_1_127' title='bbox 184 1429 287 1459; x_wconf 91' lang='lat' dir='ltr'><strong>non</strong></span> <span class='ocrx_word' id='word_1_128' title='bbox 332 1417 491 1477; x_wconf 87' lang='lat' dir='ltr'><strong>magis</strong></span> <span class='ocrx_word' id='word_1_129' title='bbox 539 1430 690 1476; x_wconf 90' lang='lat' dir='ltr'><strong>quam</strong></span> <span class='ocrx_word' id='word_1_130' title='bbox 735 1418 935 1462; x_wconf 90' lang='lat' dir='ltr'><strong>accersi.</strong></span> <span class='ocrx_word' id='word_1_131' title='bbox 1034 1415 1266 1463; x_wconf 85' lang='lat' dir='ltr'><strong>Artifices</strong></span> <span class='ocrx_word' id='word_1_132' title='bbox 1320 1419 1552 1474; x_wconf 90' lang='lat' dir='ltr'><strong>scaenici,</strong></span> <span class='ocrx_word' id='word_1_133' title='bbox 1599 1411 1711 1479; x_wconf 61' lang='lat' dir='ltr'><strong>quis</strong></span> 
     </span>
     <span class='ocr_line' id='line_1_18' title="bbox 184 1492 1682 1556; baseline 0.001 -18"><span class='ocrx_word' id='word_1_134' title='bbox 184 1494 447 1539; x_wconf 86' lang='lat' dir='ltr'><strong>imitantur</strong></span> <span class='ocrx_word' id='word_1_135' title='bbox 504 1492 754 1550; x_wconf 80' lang='lat' dir='ltr'><strong>adfectus,</strong></span> <span class='ocrx_word' id='word_1_136' title='bbox 802 1496 888 1556; x_wconf 92' lang='lat' dir='ltr'><strong>qui</strong></span> <span class='ocrx_word' id='word_1_137' title='bbox 937 1499 1131 1540; x_wconf 89' lang='lat' dir='ltr'><strong>metum</strong></span> <span class='ocrx_word' id='word_1_138' title='bbox 1191 1500 1245 1540; x_wconf 91' lang='lat' dir='ltr'><strong>et</strong></span> <span class='ocrx_word' id='word_1_139' title='bbox 1292 1494 1682 1556; x_wconf 84' lang='lat' dir='ltr'><strong>trepidationem</strong></span> 
     </span>
     <span class='ocr_line' id='line_1_19' title="bbox 186 1571 1717 1634; baseline 0.001 -18"><span class='ocrx_word' id='word_1_140' title='bbox 186 1573 491 1631; x_wconf 85' lang='lat' dir='ltr'><strong>exprimunt,</strong></span> <span class='ocrx_word' id='word_1_141' title='bbox 518 1573 603 1632; x_wconf 93' lang='lat' dir='ltr'><strong>qui</strong></span> <span class='ocrx_word' id='word_1_142' title='bbox 639 1573 898 1617; x_wconf 85' lang='lat' dir='ltr'><strong>tristitiam</strong></span> <span class='ocrx_word' id='word_1_143' title='bbox 934 1578 1334 1634; x_wconf 86' lang='lat' dir='ltr'><strong>repraesentant,</strong></span> <span class='ocrx_word' id='word_1_144' title='bbox 1371 1571 1465 1617; x_wconf 92' lang='lat' dir='ltr'><strong>hoc</strong></span> <span class='ocrx_word' id='word_1_145' title='bbox 1500 1571 1686 1618; x_wconf 82' lang='lat' dir='ltr'><strong>indicio</strong></span> <span class='ocrx_word' id='word_1_146' title='bbox 1715 1578 1717 1580; x_wconf 79' lang='grc'>’</span> 
     </span>
     <span class='ocr_line' id='line_1_20' title="bbox 185 1635 1742 1711; baseline 0.001 -18"><span class='ocrx_word' id='word_1_147' title='bbox 185 1651 449 1694; x_wconf 88' lang='lat' dir='ltr'><strong>imitantur</strong></span> <span class='ocrx_word' id='word_1_148' title='bbox 472 1635 856 1695; x_wconf 80' lang='lat' dir='ltr'><strong>verecundiam:</strong></span> <span class='ocrx_word' id='word_1_149' title='bbox 894 1649 1123 1696; x_wconf 91' lang='lat' dir='ltr'><strong>deiciunt</strong></span> <span class='ocrx_word' id='word_1_150' title='bbox 1147 1652 1283 1696; x_wconf 91' lang='lat' dir='ltr'><strong>enim</strong></span> <span class='ocrx_word' id='word_1_151' title='bbox 1304 1649 1516 1707; x_wconf 91' lang='lat' dir='ltr'><strong>vultum,</strong></span> <span class='ocrx_word' id='word_1_152' title='bbox 1536 1649 1686 1696; x_wconf 84' lang='lat' dir='ltr'><strong>verba</strong></span> <span class='ocrx_word' id='word_1_153' title='bbox 1736 1636 1742 1711; x_wconf 46' lang='lat' dir='ltr'>f</span> 
     </span>
     <span class='ocr_line' id='line_1_21' title="bbox 185 1725 1739 1790; baseline 0.002 -19"><span class='ocrx_word' id='word_1_154' title='bbox 185 1726 510 1783; x_wconf 90' lang='lat' dir='ltr'><strong>submittunt,</strong></span> <span class='ocrx_word' id='word_1_155' title='bbox 546 1725 710 1788; x_wconf 88' lang='lat' dir='ltr'><strong>figunt</strong></span> <span class='ocrx_word' id='word_1_156' title='bbox 749 1729 802 1772; x_wconf 93' lang='lat' dir='ltr'><strong>in</strong></span> <span class='ocrx_word' id='word_1_157' title='bbox 844 1732 1030 1773; x_wconf 87' lang='lat' dir='ltr'><strong>terram</strong></span> <span class='ocrx_word' id='word_1_158' title='bbox 1071 1726 1240 1774; x_wconf 93' lang='lat' dir='ltr'><strong>oculos</strong></span> <span class='ocrx_word' id='word_1_159' title='bbox 1283 1734 1336 1775; x_wconf 86' lang='lat' dir='ltr'><strong>et</strong></span> <span class='ocrx_word' id='word_1_160' title='bbox 1377 1727 1681 1790; x_wconf 88' lang='lat' dir='ltr'><strong>deprimunt.</strong></span> <span class='ocrx_word' id='word_1_161' title='bbox 1736 1732 1739 1755; x_wconf 69' lang='lat'>⁸</span> 
     </span>
     <span class='ocr_line' id='line_1_22' title="bbox 191 1803 1739 1873; baseline 0.001 -25"><span class='ocrx_word' id='word_1_162' title='bbox 191 1803 440 1849; x_wconf 90' lang='lat' dir='ltr'><strong>Ruborem</strong></span> <span class='ocrx_word' id='word_1_163' title='bbox 466 1803 559 1850; x_wconf 90' lang='lat' dir='ltr'><strong>sibi</strong></span> <span class='ocrx_word' id='word_1_164' title='bbox 577 1807 856 1866; x_wconf 85' lang='lat' dir='ltr'><strong>exprimere</strong></span> <span class='ocrx_word' id='word_1_165' title='bbox 876 1821 978 1851; x_wconf 93' lang='lat' dir='ltr'><strong>non</strong></span> <span class='ocrx_word' id='word_1_166' title='bbox 996 1811 1208 1868; x_wconf 85' lang='lat' dir='ltr'><strong>possunt</strong></span> <span class='ocrx_word' id='word_1_167' title='bbox 1229 1820 1240 1861; x_wconf 85' lang='lat'><em>3</em></span> <span class='ocrx_word' id='word_1_168' title='bbox 1277 1821 1373 1852; x_wconf 92' lang='lat' dir='ltr'><strong>nec</strong></span> <span class='ocrx_word' id='word_1_169' title='bbox 1391 1804 1687 1868; x_wconf 88' lang='lat' dir='ltr'><strong>prohibetur</strong></span> <span class='ocrx_word' id='word_1_170' title='bbox 1734 1847 1739 1873; x_wconf 32' lang='grc' dir='ltr'><strong>ι,</strong></span> 
     </span>
     <span class='ocr_line' id='line_1_23' title="bbox 187 1880 1686 1946; baseline 0.001 -19"><span class='ocrx_word' id='word_1_171' title='bbox 187 1880 270 1927; x_wconf 92' lang='lat' dir='ltr'><strong>hic</strong></span> <span class='ocrx_word' id='word_1_172' title='bbox 312 1897 406 1927; x_wconf 94' lang='lat' dir='ltr'><strong>nec</strong></span> <span class='ocrx_word' id='word_1_173' title='bbox 453 1881 734 1929; x_wconf 89' lang='lat' dir='ltr'><strong>adducitur.</strong></span> <span class='ocrx_word' id='word_1_174' title='bbox 811 1881 952 1929; x_wconf 88' lang='lat' dir='ltr'><strong>Nihil</strong></span> <span class='ocrx_word' id='word_1_175' title='bbox 992 1883 1229 1930; x_wconf 90' lang='lat' dir='ltr'><strong>adversus</strong></span> <span class='ocrx_word' id='word_1_176' title='bbox 1272 1882 1398 1930; x_wconf 90' lang='lat' dir='ltr'><strong>haec</strong></span> <span class='ocrx_word' id='word_1_177' title='bbox 1440 1886 1686 1946; x_wconf 88' lang='lat' dir='ltr'><strong>sapientia</strong></span> 
     </span>
     <span class='ocr_line' id='line_1_24' title="bbox 187 1959 1721 2022; baseline 0.002 -18"><span class='ocrx_word' id='word_1_178' title='bbox 187 1962 454 2021; x_wconf 86' lang='lat' dir='ltr'><strong>promittit,</strong></span> <span class='ocrx_word' id='word_1_179' title='bbox 470 1959 599 2005; x_wconf 91' lang='lat' dir='ltr'><strong>nihil</strong></span> <span class='ocrx_word' id='word_1_180' title='bbox 614 1959 839 2022; x_wconf 85' lang='lat' dir='ltr'><strong>proficit3</strong></span> <span class='ocrx_word' id='word_1_181' title='bbox 875 1963 951 2007; x_wconf 92' lang='lat' dir='ltr'><strong>sui</strong></span> <span class='ocrx_word' id='word_1_182' title='bbox 970 1963 1089 2007; x_wconf 89' lang='lat' dir='ltr'><strong>iuris</strong></span> <span class='ocrx_word' id='word_1_183' title='bbox 1107 1967 1241 2018; x_wconf 91' lang='lat' dir='ltr'><strong>sunt,</strong></span> <span class='ocrx_word' id='word_1_184' title='bbox 1257 1964 1443 2007; x_wconf 87' lang='lat' dir='ltr'><strong>iniussa</strong></span> <span class='ocrx_word' id='word_1_185' title='bbox 1458 1964 1686 2019; x_wconf 90' lang='lat' dir='ltr'><strong>veniunt,</strong></span> <span class='ocrx_word' id='word_1_186' title='bbox 1718 2014 1721 2018; x_wconf 47' lang='grc'><strong>,</strong></span> 
     </span>
     <span class='ocr_line' id='line_1_25' title="bbox 188 2037 680 2084; baseline 0.002 -1"><span class='ocrx_word' id='word_1_187' title='bbox 188 2039 374 2083; x_wconf 88' lang='lat' dir='ltr'><strong>iniussa</strong></span> <span class='ocrx_word' id='word_1_188' title='bbox 398 2037 680 2084; x_wconf 89' lang='lat' dir='ltr'><strong>discedunt.</strong></span> 
     </span>
     <span class='ocr_line' id='line_1_26' title="bbox 136 2114 1723 2179; baseline 0.001 -20"><span class='ocrx_word' id='word_1_189' title='bbox 136 2126 167 2173; x_wconf 82' lang='grc'>8</span> <span class='ocrx_word' id='word_1_190' title='bbox 277 2114 382 2160; x_wconf 86' lang='lat' dir='ltr'><strong>Iam</strong></span> <span class='ocrx_word' id='word_1_191' title='bbox 397 2114 671 2161; x_wconf 89' lang='lat' dir='ltr'><strong>clausulam</strong></span> <span class='ocrx_word' id='word_1_192' title='bbox 692 2115 910 2178; x_wconf 89' lang='lat' dir='ltr'><strong>epistula</strong></span> <span class='ocrx_word' id='word_1_193' title='bbox 925 2119 1099 2178; x_wconf 89' lang='lat' dir='ltr'><strong>poscit.</strong></span> <span class='ocrx_word' id='word_1_194' title='bbox 1151 2115 1358 2179; x_wconf 90' lang='lat' dir='ltr'><strong>Accipe,</strong></span> <span class='ocrx_word' id='word_1_195' title='bbox 1376 2122 1429 2163; x_wconf 90' lang='lat' dir='ltr'><strong>et</strong></span> <span class='ocrx_word' id='word_1_196' title='bbox 1448 2116 1652 2179; x_wconf 93' lang='lat' dir='ltr'><strong>quidem</strong></span> <span class='ocrx_word' id='word_1_197' title='bbox 1668 2115 1685 2146; x_wconf 86' lang='lat'>¹</span> <span class='ocrx_word' id='word_1_198' title='bbox 1714 2135 1723 2143; x_wconf 89' lang='lat'><strong>·</strong></span> 
     </span>
     <span class='ocr_line' id='line_1_27' title="bbox 190 2192 1738 2257; baseline 0.001 -19"><span class='ocrx_word' id='word_1_199' title='bbox 190 2192 366 2238; x_wconf 90' lang='lat' dir='ltr'><strong>utilem</strong></span> <span class='ocrx_word' id='word_1_200' title='bbox 408 2209 466 2238; x_wconf 89' lang='lat' dir='ltr'><strong>ac</strong></span> <span class='ocrx_word' id='word_1_201' title='bbox 507 2193 794 2251; x_wconf 86' lang='lat' dir='ltr'><strong>salutarem,</strong></span> <span class='ocrx_word' id='word_1_202' title='bbox 831 2210 981 2257; x_wconf 88' lang='lat' dir='ltr'><strong>quam</strong></span> <span class='ocrx_word' id='word_1_203' title='bbox 1016 2200 1070 2240; x_wconf 94' lang='lat' dir='ltr'><strong>te</strong></span> <span class='ocrx_word' id='word_1_204' title='bbox 1106 2194 1306 2256; x_wconf 86' lang='lat' dir='ltr'><strong>affigere</strong></span> <span class='ocrx_word' id='word_1_205' title='bbox 1342 2198 1510 2240; x_wconf 90' lang='lat' dir='ltr'><strong>animo</strong></span> <span class='ocrx_word' id='word_1_206' title='bbox 1546 2194 1686 2240; x_wconf 83' lang='lat' dir='ltr'><strong>volo:</strong></span> <span class='ocrx_word' id='word_1_207' title='bbox 1732 2215 1738 2255; x_wconf 56' lang='grc' dir='ltr'><em>χ</em></span> 
     </span>
    </p>
   </div>
   <div class='ocr_carea' id='block_1_3' title="bbox 1713 760 1742 1233">
    <p class='ocr_par' dir='ltr' id='par_1_3' title="bbox 1713 760 1742 1233">
     <span class='ocr_line' id='line_1_28' title="bbox 1713 760 1742 1233; baseline 0 -176"><span class='ocrx_word' id='word_1_208' title='bbox 1713 760 1742 1233; x_wconf 95' lang='lat' dir='ltr'><strong>     </strong></span> 
     </span>
    </p>
   </div>
   <div class='ocr_carea' id='block_1_4' title="bbox 188 2261 1739 2412">
    <p class='ocr_par' dir='ltr' id='par_1_4' title="bbox 188 2261 1739 2412">
     <span class='ocr_line' id='line_1_29' title="bbox 189 2261 1739 2334; baseline 0 -19"><span class='ocrx_word' id='word_1_209' title='bbox 189 2270 434 2333; x_wconf 89' lang='lat' dir='ltr'><strong>“Aliquis</strong></span> <span class='ocrx_word' id='word_1_210' title='bbox 471 2274 544 2316; x_wconf 92' lang='lat' dir='ltr'><strong>vir</strong></span> <span class='ocrx_word' id='word_1_211' title='bbox 578 2272 738 2318; x_wconf 92' lang='lat' dir='ltr'><strong>bonus</strong></span> <span class='ocrx_word' id='word_1_212' title='bbox 774 2272 918 2318; x_wconf 90' lang='lat' dir='ltr'><strong>nobis</strong></span> <span class='ocrx_word' id='word_1_213' title='bbox 954 2271 1242 2334; x_wconf 89' lang='lat' dir='ltr'><strong>diligendus</strong></span> <span class='ocrx_word' id='word_1_214' title='bbox 1278 2279 1357 2319; x_wconf 90' lang='lat' dir='ltr'><strong>est</strong></span> <span class='ocrx_word' id='word_1_215' title='bbox 1391 2287 1449 2318; x_wconf 89' lang='lat' dir='ltr'><strong>ac</strong></span> <span class='ocrx_word' id='word_1_216' title='bbox 1490 2275 1688 2334; x_wconf 86' lang='lat' dir='ltr'><strong>semper</strong></span> <span class='ocrx_word' id='word_1_217' title='bbox 1734 2261 1739 2315; x_wconf 69' lang='grc' dir='ltr'>ἶ</span> 
     </span>
     <span class='ocr_line' id='line_1_30' title="bbox 188 2348 1686 2412; baseline 0.001 -18"><span class='ocrx_word' id='word_1_218' title='bbox 188 2354 308 2395; x_wconf 90' lang='lat' dir='ltr'><strong>ante</strong></span> <span class='ocrx_word' id='word_1_219' title='bbox 333 2348 500 2394; x_wconf 88' lang='lat' dir='ltr'><strong>oculos</strong></span> <span class='ocrx_word' id='word_1_220' title='bbox 527 2348 804 2407; x_wconf 89' lang='lat' dir='ltr'><strong>habendus,</strong></span> <span class='ocrx_word' id='word_1_221' title='bbox 830 2354 888 2395; x_wconf 92' lang='lat' dir='ltr'><strong>ut</strong></span> <span class='ocrx_word' id='word_1_222' title='bbox 913 2353 981 2395; x_wconf 92' lang='lat' dir='ltr'><strong>sic</strong></span> <span class='ocrx_word' id='word_1_223' title='bbox 1016 2355 1270 2412; x_wconf 76' lang='lat' dir='ltr'><strong>tamquam</strong></span> <span class='ocrx_word' id='word_1_224' title='bbox 1303 2349 1390 2396; x_wconf 94' lang='lat' dir='ltr'><strong>illo</strong></span> <span class='ocrx_word' id='word_1_225' title='bbox 1424 2355 1686 2411; x_wconf 88' lang='lat' dir='ltr'><strong>spectante</strong></span> 
     </span>
    </p>
   </div>
   <div class='ocr_carea' id='block_1_5' title="bbox 483 2451 1396 2507">
    <p class='ocr_par' dir='ltr' id='par_1_5' title="bbox 483 2451 1396 2507">
     <span class='ocr_line' id='line_1_31' title="bbox 483 2451 1396 2507; baseline 0.003 -15"><span class='ocrx_word' id='word_1_226' title='bbox 483 2451 495 2475; x_wconf 94' lang='lat'>¹</span> <span class='ocrx_word' id='word_1_227' title='bbox 528 2457 566 2492; x_wconf 75' lang='lat' dir='ltr'><strong>et</strong></span> <span class='ocrx_word' id='word_1_228' title='bbox 585 2453 759 2506; x_wconf 76' lang='lat' dir='ltr'><strong>quidem</strong></span> <span class='ocrx_word' id='word_1_229' title='bbox 776 2453 990 2494; x_wconf 88' lang='lat' dir='ltr'><strong>Erasmus</strong></span> <span class='ocrx_word' id='word_1_230' title='bbox 1009 2470 1020 2501; x_wconf 76' lang='grc' dir='ltr'><strong>ς</strong></span> <span class='ocrx_word' id='word_1_231' title='bbox 1050 2454 1244 2507; x_wconf 71' lang='lat' dir='ltr'><strong>equidem</strong></span> <span class='ocrx_word' id='word_1_232' title='bbox 1266 2452 1396 2495; x_wconf 91' lang='lat' dir='ltr'>MSS.</span> 
     </span>
    </p>
   </div>
   <div class='ocr_carea' id='block_1_6' title="bbox 192 2549 1314 2661">
    <p class='ocr_par' dir='ltr' id='par_1_6' title="bbox 192 2549 1314 2661">
     <span class='ocr_line' id='line_1_32' title="bbox 192 2549 1314 2661; baseline 0.001 -71"><span class='ocrx_word' id='word_1_233' title='bbox 192 2610 224 2661; x_wconf 82' lang='grc'><strong>6</strong></span> <span class='ocrx_word' id='word_1_234' title='bbox 558 2557 578 2576; x_wconf 76' lang='lat'><strong>‘²</strong></span> <span class='ocrx_word' id='word_1_235' title='bbox 607 2549 843 2602; x_wconf 90' lang='lat' dir='ltr'><strong>Epicurus,</strong></span> <span class='ocrx_word' id='word_1_236' title='bbox 867 2549 1103 2602; x_wconf 54' lang='lat' dir='ltr'><strong>Fragstlo</strong></span> <span class='ocrx_word' id='word_1_237' title='bbox 1126 2549 1314 2592; x_wconf 83' lang='lat' dir='ltr'><strong>Usener.</strong></span> 
     </span>
     <span class='ocr_line' id='line_1_33' title="bbox 227 2619 256 2660; baseline 0 0"><span class='ocrx_word' id='word_1_238' title='bbox 227 2619 256 2660; x_wconf 81' lang='lat'><strong>2</strong></span> 
     </span>
    </p>
   </div>
  </div>
 </body>
</html>
