1742 2872
510 141 657 187 THE
692 140 1012 189 EPISTLES
1048 141 1138 188 OF
1174 140 1438 188 SENECA
1518 184 1521 186 ,

229 249 408 296 Graeci
456 256 655 296 oestron
697 256 878 296 vocant
924 266 1104 312 pecora
1151 255 1478 312 peragentem
1515 255 1566 295 et
1603 254 1720 295 totis

135 339 159 343 --
227 316 434 363 saltibus
470 316 814 378 dissipantem,
849 317 1025 362 asilum
1061 319 1217 362 nostri
1253 317 1509 362 vocabant.
1608 316 1720 362 Hoc

228 382 450 445 Vergilio
475 383 595 430 licet
619 383 820 430 credas:

391 500 476 542 Est
494 500 643 542 lucum
663 500 790 543 Silari
812 503 935 542 iuxta
950 501 964 526 ¹
985 501 1247 555 ilicibusque
1267 502 1483 541 virentem

394 554 613 596 Plurimus
634 555 885 596 Alburnum
907 555 1112 602 volitans,
1134 557 1205 596 cui
1225 568 1386 595 nomen
1406 553 1516 595 asilo

394 608 648 649 Romanum
668 612 752 656 est,
775 612 972 650 oestrum
992 609 1101 652 Grai
1122 612 1294 649 vertere
1314 612 1542 656 vocantes,

391 661 552 757 Asper,
575 663 737 704 acerba
755 675 935 711 sonans,
957 676 1045 716 quo
1064 666 1162 704 tota
1181 664 1391 704 exterrita
1410 662 1530 704 silvis

392 715 452 758 Di
490 718 649 769 ugiunt
667 721 884 759 armenta.

1736 658 1742 690 ¹.

180 823 208 868 3
236 823 361 870 Puto
390 824 622 887 intellegi
653 824 789 871 istud
822 825 1028 872 verbum
1059 827 1303 872 interisse.
1378 823 1456 870 Ne
1488 829 1542 871 te
1574 823 1742 886 longei

230 890 472 950 differam,
525 891 772 954 quaedam
831 891 1074 954 simplicia
1130 894 1182 937 in
1242 907 1332 938 usu
1384 897 1543 949 erant,
1598 856 1742 938 sicutl

230 962 263 985 “
278 974 484 1005 cernere
516 958 647 1005 ferro
671 962 805 1005 inter
828 975 881 1006 se
899 958 926 975 '⁹
960 958 1236 1006 dicebant.2
1308 958 1451 1005 Idem
1476 957 1725 1020 Vergilius

230 1024 325 1071 hoc
350 1026 581 1088 probabit
604 1026 697 1073 tibi
716 1043 727 1072 ε

397 1143 599 1197 Ingentis
618 1145 794 1197 genitos
815 1143 999 1185 diversis
1020 1143 1220 1197 partibus
1239 1143 1359 1184 orbis

398 1198 520 1239 Inter
539 1211 588 1239 se
607 1200 765 1240 coiisse
786 1200 902 1239 viros
923 1201 970 1239 et
988 1210 1169 1239 cernere
1189 1197 1318 1239 ferro.

233 1306 385 1365 Quod
403 1322 537 1353 nunc
562 1305 835 1353 decernere
860 1305 1084 1353 dicimus.
1158 1304 1408 1367 Simplicis
1432 1306 1563 1352 illius
1587 1305 1726 1353 verbi

181 1374 210 1420 4
232 1390 350 1420 usus
404 1377 611 1420 amissus
666 1380 756 1420 est.
855 1372 1107 1420 Dicebant
1158 1375 1352 1435 antiqui
1407 1377 1439 1401 “
1458 1376 1499 1419 si
1544 1371 1723 1431 iusso,”

232 1440 285 1487 id
321 1447 399 1488 est
433 1444 632 1487 iussero.
709 1440 823 1487 Hoc
864 1440 981 1487 nolo
1017 1440 1139 1487 mihi
1177 1439 1367 1498 credas,
1403 1439 1488 1488 sed
1528 1439 1742 1494 eidem83

231 1507 482 1570 Vergilio:

396 1615 571 1663 Cetera,
594 1629 684 1670 qua
702 1617 838 1662 iusso,
861 1628 1038 1657 mecum
1060 1629 1219 1657 manus
1241 1615 1404 1657 inferat
1421 1629 1558 1658 arma.

140 1743 143 1747 ·
182 1728 211 1774 5
236 1724 350 1771 Non
367 1724 420 1771 id
437 1741 532 1788 ago
550 1741 684 1771 nunc
702 1724 796 1771 hac
815 1724 1095 1788 diligentia,
1112 1731 1168 1772 ut
1187 1724 1466 1783 ostendam,
1481 1731 1726 1787 quantum

234 1798 434 1854 tempus
474 1792 609 1854 apud
648 1796 1030 1856 grammaticum
1072 1791 1391 1855 perdiderim,
1433 1791 1523 1838 sed
1562 1797 1622 1839 ut
1661 1807 1725 1838 ex

235 1858 327 1905 hoc
362 1859 646 1922 intellegas,
692 1865 938 1922 quantum
978 1859 1112 1922 apud
1154 1859 1374 1905 Ennium
1421 1863 1475 1906 et
1517 1858 1733 1921 Accium·

234 1927 496 1972 verborum
527 1930 651 1972 situs
682 1930 1016 1989 occupaverit,
1041 1942 1154 1973 cum
1178 1925 1312 1988 apud
1342 1925 1475 1972 hunc
1508 1942 1726 1989 quoque,

232 1996 317 2056 qui
342 1993 527 2040 cotidie
553 1996 822 2052 excutitur,
845 1993 1012 2056 aliqua
1035 1993 1178 2039 nobis
1203 1993 1450 2040 subducta
1473 1996 1586 2040 sint.

180 2059 208 2107 6
317 2065 348 2087 “
365 2059 502 2118 Quid
526 2060 666 2118 sibi‚”
693 2063 874 2123 inquis,
899 2064 1041 2106 “ista
1072 2063 1383 2123 praeparatio
1408 2059 1551 2107 vult?
1609 2058 1692 2118 Qu

231 2127 507 2190 spectat?''
608 2127 720 2173 Non
766 2127 939 2174 celabo
974 2134 1058 2183 te;
1119 2131 1282 2189 cupio,
1317 2130 1358 2174 si
1394 2126 1498 2173 fieri
1540 2132 1724 2189 potest,

299 2244 314 2270 ¹
343 2243 413 2285 for
432 2245 576 2286 lucum
594 2244 684 2286 and
703 2245 826 2286 iuxta
845 2243 1001 2297 Vergil
1022 2243 1150 2307 MSS.
1175 2245 1276 2297 give
1297 2244 1412 2284 lucos
1430 2243 1521 2284 and
1540 2244 1665 2285 circa.
1720 2304 1721 2307 Ἴ

293 2488 315 2507 ⁰
341 2480 436 2520 The
454 2479 638 2533 gad-fly.
1064 2480 1081 2505 ⁶
1111 2479 1323 2533 Θεονρὶσε,
1346 2480 1404 2521 ἰίἰ.
1431 2482 1507 2520 146
1526 2478 1571 2521 ff.

294 2541 311 2561 ⁶
338 2534 523 2580 Aeneid,
545 2536 617 2576 xii.
643 2536 720 2574 708
740 2533 770 2575 f.
1056 2533 1080 2561 ‘¹
1105 2532 1291 2580 Aenona,
1313 2534 1370 2574 xi.
1393 2535 1486 2575 467.

230 2605 325 2647 388
