1742 2872
490 152 637 198 THE
672 152 993 200 EPISTLES
1031 152 1121 199 OF
1156 152 1420 200 SENECA

209 277 357 323 quam
396 268 453 308 ut
487 261 609 306 mihi
646 262 924 324 periculum
958 268 1281 309 succurreret.
1357 263 1542 311 Nausia
1571 270 1702 313 enim

143 356 167 361 a
209 351 291 381 me
327 339 493 398 segnis
531 335 654 381 haec
690 341 744 382 et
777 339 883 382 sine
917 339 1056 382 exitu
1089 323 1374 398 torquebat,
1398 354 1526 400 quae
1553 339 1704 386 bilem

209 415 379 455 movet
413 425 508 455 nec
550 408 774 456 effundit.
852 409 1019 456 Institi
1065 413 1236 472 itaque
1283 411 1605 473 gubernatori
1652 420 1706 461 et

208 482 367 540 illum,
402 482 558 529 vellet
592 483 770 540 nollet,
807 487 965 546 coegi,
1001 489 1202 545 peteret
1247 483 1378 531 litus.
1453 485 1602 533 Cuius
1650 493 1706 533 ut

210 560 439 602 viciniam
485 560 762 618 attigimus,
801 573 904 603 non
951 563 1181 620 expecto,
1228 564 1285 604 ut
1331 561 1595 622 quicquam
1644 577 1706 608 ex

211 633 490 693 praeceptis
516 630 724 693 Vergilii
750 630 851 688 fiat,

643 735 900 778 Obvertunt
918 736 1078 789 pelago
1098 749 1251 790 proras

210 799 298 839 aut

642 857 822 899 Ancora
841 858 898 898 de
916 871 1047 911 prora
1067 859 1225 899 iacitur
1242 875 1254 904 ς

211 972 403 1003 memor
425 955 619 1003 artificii
643 958 744 1002 mei
770 961 913 1002 vetus
938 954 1150 1019 frigidae
1175 956 1337 1003 cultor
1359 960 1508 1004 mitto
1540 974 1622 1005 me
1654 962 1706 1005 in

211 1047 364 1088 mare,
421 1029 672 1093 quomodo
736 1029 1108 1092 psychrolutam
1166 1029 1333 1089 decet,
1391 1039 1703 1095 gausapatus.

162 1104 190 1150 4
211 1103 356 1162 Quae
389 1109 536 1166 putas
568 1119 651 1150 me
683 1119 899 1166 passum,
923 1103 1043 1150 dum
1077 1120 1168 1166 per
1198 1120 1372 1167 aspera
1396 1121 1562 1167 erepo,
1587 1107 1708 1153 dum

211 1181 341 1225 viam
382 1193 583 1241 quaero,
620 1177 741 1224 dum
788 1176 949 1224 facio?
1043 1177 1282 1225 Intellexi
1327 1195 1428 1225 non
1474 1182 1708 1227 inmerito

211 1255 376 1299 nautis
392 1257 577 1298 terram
595 1254 774 1298 timeri.
850 1251 1169 1298 Incredibilia
1183 1258 1318 1310 sunt,
1337 1268 1465 1315 quae
1491 1252 1742 1313 tulerim‚ij

211 1342 326 1373 cum
357 1341 440 1373 me
469 1324 599 1372 ferre
623 1341 726 1371 non
758 1341 955 1388 possem
972 1325 1018 1355 1·
1007 1342 1019 1382 ;
1055 1324 1183 1372 illud
1205 1328 1348 1382 scito,
1381 1326 1580 1374 Vlixem
1607 1344 1708 1374 non
1736 1330 1742 1355 ⁴

213 1399 362 1446 fuisse
410 1405 516 1445 tam
560 1402 687 1446 irato
728 1402 851 1445 mari
888 1405 1080 1456 natum,
1116 1405 1174 1446 ut
1219 1399 1405 1462 ubique
1452 1387 1742 1465 naufragia

212 1473 424 1529 faceret3
460 1476 712 1519 nausiator
727 1479 847 1519 erat.
920 1473 989 1519 Et
1013 1489 1108 1535 ego
1133 1489 1449 1536 quocumque
1474 1478 1708 1538 navigare

212 1547 451 1605 debuero,
477 1550 747 1593 vicensimo
770 1563 903 1593 anno
927 1550 1229 1610 perveniam.

161 1625 190 1671 5
299 1620 371 1668 Ut
403 1624 619 1684 primum
650 1619 981 1679 stomachum,
1006 1636 1159 1684 quem
1190 1624 1284 1668 scis
1315 1637 1418 1668 non
1449 1639 1564 1669 cum
1587 1627 1709 1670 mari

212 1698 435 1742 nausiam
460 1694 698 1757 effugere,
718 1694 917 1757 collegi,
936 1700 993 1741 ut
1012 1711 1188 1757 corpus
1212 1699 1451 1742 unctione
1475 1701 1710 1756 recreavi,

214 1768 308 1815 hoc
361 1772 504 1831 coepi
555 1784 755 1815 mecum
808 1772 1044 1832 cogitare,
1096 1774 1285 1832 quanta
1335 1785 1425 1816 nos
1478 1772 1709 1818 vitiorum

213 1848 495 1889 nostrorum
552 1848 848 1905 sequeretur
904 1841 1102 1899 oblivio,
1155 1845 1308 1889 etiam
1367 1844 1708 1906 corporalium,

214 1933 342 1979 quae
367 1915 580 1963 subinde
604 1915 882 1963 admonent
912 1919 1005 1974 sui,
1029 1915 1218 1963 nedum
1250 1915 1465 1975 illorum,
1489 1934 1618 1981 quae
1651 1935 1710 1966 eo

163 1991 191 2037 6
213 1994 370 2053 magis
387 1989 567 2048 latent,
587 2006 686 2052 quo
710 1993 895 2036 maiora
912 1995 1042 2037 sunt.
1095 1989 1242 2038 Levis
1257 1990 1476 2054 aliquem
1493 1995 1710 2039 motiun-

213 2062 325 2110 cula
360 2063 579 2125 decipit;
615 2062 705 2110 sed
741 2080 854 2109 cum
891 2066 1047 2110 crevit
1084 2069 1137 2110 et
1173 2079 1287 2111 vera
1321 2062 1472 2110 febris
1512 2069 1711 2124 exarsit,

552 2170 758 2224 lpossem
779 2170 1022 2219 Erasmus;
1046 2170 1212 2224 possim
1232 2169 1360 2212 MSS

279 2284 301 2303 ‘²
327 2276 514 2323 Aeneid,
532 2278 588 2318 vi.
611 2279 652 2317 3.
713 2275 820 2316 This
841 2289 931 2338 was
951 2275 1029 2317 the
1049 2275 1177 2316 usual
1197 2275 1381 2317 method
1395 2276 1447 2317 of
1463 2279 1667 2331 mooring
1684 2291 1711 2320 a
1737 2281 1742 2325 1

216 2330 347 2411 shibp
325 2344 382 2425 21
401 2332 591 2431 ancient
600 2332 747 2426 taxiles.

281 2398 653 2491 ‘'CoerqlieparduEp.
677 2438 841 2479 lxxxiii.
865 2441 904 2478 5.

280 2494 301 2518 ἀ
330 2492 520 2545 Ulysses
548 2453 659 2533 took
676 2495 752 2532 ten
777 2504 907 2544 years
927 2505 984 2532 on
1005 2491 1074 2532 his
1098 2491 1306 2545 jomney.
1328 2491 1520 2560 because
1539 2492 1591 2533 of
1615 2506 1709 2535 sea·
1741 2543 1742 2549 ¹

215 2546 447 2592 sickness·
476 2545 648 2588 Seneca
667 2546 754 2586 will
774 2545 888 2586 need
907 2547 1036 2587 twice
1055 2559 1104 2586 as
1126 2559 1273 2599 many.

217 2617 315 2659 354·
