1742 2872
484 154 628 201 THE
665 153 986 202 EPISTLES
1025 155 1114 203 OF
1150 154 1418 202 SENECA

139 300 164 306 -,
179 261 359 310 Postea
383 263 679 322 videbimus,
705 270 873 311 utrum
897 267 994 310 ista
1023 267 1122 310 suis
1155 264 1341 310 viribus
1374 262 1575 312 valeant
1606 280 1669 311 an

175 362 508 409 inbecillitate
533 369 714 409 nostra.

126 461 155 509 6
264 461 397 507 Illud
434 468 632 523 praesta
673 461 812 519 mihi,
850 468 923 520 ut,
959 465 1193 525 quotiens
1230 465 1671 520 circumsteterint,

177 562 263 622 qui
310 561 403 606 tibi
454 566 508 607 te
556 563 793 607 miserum
846 577 954 608 esse
1002 561 1354 623 persuadeant,
1401 578 1503 607 non
1550 561 1672 624 quid

176 658 364 716 audias,
391 659 479 706 sed
504 659 626 722 quid
651 663 854 717 sentias,
880 663 1072 722 cogites
1098 666 1151 706 et
1176 676 1290 706 cum
1315 662 1561 722 patientia
1585 666 1673 706 tua

178 757 427 806 deliberes
451 775 509 805 ac
533 765 587 806 te
612 763 720 822 ipse
744 763 1043 822 interroges,
1069 763 1154 823 qui
1184 766 1271 807 tua
1295 763 1484 822 optime
1510 763 1671 807 nosti:

179 854 316 913 Quid
342 863 435 915 est,
461 873 613 920 quare
638 860 721 903 isti
745 873 827 904 me
853 858 1188 920 conplorent?
1257 858 1394 917 Quid
1420 865 1513 917 est,
1538 859 1671 922 quod

177 955 453 1018 trepident,
473 955 606 1018 quod
633 959 922 1019 contagium
941 973 1140 1020 quoque
1159 961 1260 1004 mei
1283 961 1514 1015 timeant,
1534 961 1673 1020 quasi

177 1054 426 1101 transilire
465 1054 720 1102 calamitas
759 1057 949 1117 possit?
1022 1056 1113 1103 Est
1154 1057 1343 1120 aliquid
1385 1060 1498 1104 istic
1538 1056 1674 1115 mali,

178 1169 243 1199 an
274 1169 353 1200 res
385 1156 481 1200 ista
511 1156 671 1216 magis
703 1152 902 1200 infamis
939 1160 1016 1201 est
1049 1171 1197 1218 quam
1233 1155 1400 1201 mala?
1470 1155 1585 1218 Ipse
1620 1160 1674 1201 te

177 1253 460 1314 interroga:
500 1251 758 1314 Numquid
787 1255 894 1298 sine
920 1268 1067 1299 causa
1098 1256 1290 1299 crucior
1313 1259 1367 1300 et
1397 1269 1596 1300 maereo
1621 1259 1675 1300 et

128 1355 156 1405 7
180 1349 315 1412 quod
350 1366 455 1396 non
498 1357 577 1397 est
618 1350 822 1408 malum,
859 1350 1023 1397 facio?
1095 1351 1455 1410 “Quomodo,'’
1494 1354 1675 1414 inquis,
1713 1370 1716 1371 ⁷

179 1452 210 1475 “
226 1448 541 1512 intellegam,
589 1466 715 1495 vana
762 1452 865 1496 sint
911 1466 976 1496 an
1023 1466 1154 1508 vera,
1203 1451 1382 1513 quibus
1437 1450 1626 1512 angor?
1645 1448 1673 1465 ''
1713 1492 1715 1494 ,

180 1547 369 1610 Accipe
416 1546 564 1594 huius
611 1551 684 1594 rei
730 1548 986 1611 regulam:
1045 1555 1134 1595 aut
1179 1549 1528 1611 praesentibus
1575 1553 1675 1594 tor·
1731 1538 1742 1556 ⁵

179 1662 391 1709 quemur
430 1653 518 1694 aut
554 1646 733 1694 futuris
775 1653 864 1694 aut
898 1651 1136 1710 utrisque.
1211 1647 1291 1695 De
1329 1647 1675 1710 praesentibus

178 1745 324 1792 facile
344 1746 584 1793 iudicium
601 1753 679 1794 est
697 1762 708 1802 ;
745 1750 785 1793 si
805 1763 982 1809 corpus
997 1753 1143 1793 tuum
1161 1746 1375 1793 liberum
1395 1752 1450 1793 et
1465 1746 1481 1776 1
1499 1761 1675 1792 sanum

179 1851 272 1902 est,
298 1862 393 1892 nec
417 1846 548 1893 ullus
582 1862 643 1893 ex
676 1849 856 1892 iniuria
888 1845 1029 1892 dolor
1061 1851 1151 1892 est.
1225 1845 1520 1892 Videbimus
1554 1844 1675 1907 quid

127 1953 156 1998 8
180 1942 404 1990 futurum
429 1947 508 1990 sit.
585 1944 754 1991 Hodie
779 1944 905 1990 nihil
935 1947 1130 2007 negotii
1154 1943 1323 1991 habet.
1397 1950 1427 1971 “
1444 1943 1514 1991 At
1540 1946 1674 1990 enim
1712 1974 1715 1978 -

178 2042 405 2090 futurum
429 2042 555 2090 est.''
630 2043 849 2091 Primum
878 2043 1087 2106 dispice,
1112 2060 1175 2089 an
1209 2049 1347 2090 certa
1379 2048 1677 2105 argumenta

179 2144 280 2188 sint
322 2145 521 2188 venturi
563 2142 694 2188 mali.
784 2142 1084 2204 Plerumque
1127 2144 1262 2188 enim
1311 2140 1675 2202 suspicionibus
1739 2191 1742 2202 ἲ

176 2239 472 2297 laboramus,
492 2246 547 2286 et
570 2240 756 2287 inludit
779 2240 922 2287 nobis
947 2239 1049 2297 illa,
1069 2256 1197 2303 quae
1217 2239 1460 2286 conficere
1486 2238 1675 2284 bellum

178 2338 323 2396 solet,
364 2337 512 2395 fama,
554 2338 716 2385 multo
762 2344 935 2385 autem
982 2340 1140 2401 magis
1188 2337 1411 2400 singulos
1460 2335 1671 2382 conficit.
1707 2364 1711 2371 -

182 2436 261 2484 Ita
301 2444 395 2494 est,
437 2441 505 2483 mi
545 2437 739 2495 Lucili;
782 2441 883 2484 cito
923 2438 1207 2484 accedimus
1250 2439 1483 2499 opinioni.
1562 2435 1671 2481 Non
1700 2448 1731 2680 1

214 2621 245 2671 6
647 2558 662 2584 ¹
691 2564 751 2599 est
771 2557 985 2611 Madvig;
1015 2563 1054 2599 et
1074 2556 1204 2600 MSS.
1730 2559 1742 2872 Α

181 2626 209 2675 7
