1742 2872
485 145 632 192 THE
667 145 987 193 EPISTLES
1025 147 1114 193 OF
1150 146 1415 195 SENECA
1717 0 1742 233 1

154 257 181 303 5
203 263 448 303 numerat.
549 256 662 301 Hoc
710 256 896 303 cotidie
943 256 1206 315 meditare,
1243 265 1300 304 ut
1347 262 1500 320 possis
1536 276 1695 322 aequo

203 341 370 384 animo
387 341 542 384 vitam
562 337 864 399 relinquere,
883 354 1032 400 quam
1053 339 1199 384 multi
1219 342 1288 385 sic
1308 340 1697 401 conplectuntur
1738 354 1742 359 ·

204 424 256 464 et
273 423 470 476 tenent,
486 418 736 481 quomodo
756 421 841 480 qui
860 434 988 480 aqua
1007 424 1234 465 torrente
1251 423 1512 481 rapiuntur
1531 424 1696 482 spinas

201 506 255 546 et
278 516 465 562 aspera.

291 581 517 644 Plerique
560 586 693 628 inter
733 585 907 628 mortis
949 588 1143 628 metum
1181 589 1234 629 et
1270 587 1401 630 vitae
1444 590 1695 631 tormenta
1734 585 1742 605 “

202 664 367 709 miseri
415 663 722 710 fluctuantur
757 670 811 710 et
852 666 1018 710 vivere
1054 664 1251 721 nolunt,
1287 668 1411 710 mori
1447 669 1691 713 nesciunt.
1736 662 1742 700 ·⁵

152 746 179 792 6
205 742 302 788 Fac
348 747 519 807 itaque
568 745 660 790 tibi
707 743 977 790 iucundam
1028 749 1179 791 vitam
1228 762 1429 792 omnem
1477 763 1565 808 pro
1612 746 1696 793 illa
1738 775 1742 781 ·

203 824 592 872 sollicitudinem
630 825 944 888 deponendo,
1023 826 1229 873 Nullum
1271 827 1456 873 bonum
1493 827 1695 874 adiuvat

201 905 494 964 habentem,
519 910 613 953 nisi
645 906 709 952 ad
747 910 885 953 cuius
909 910 1226 954 amissionem
1262 915 1582 970 praeparatus
1619 916 1697 956 est

200 991 425 1044 animus3
460 989 647 1034 nulllus
675 995 846 1035 autem
880 992 952 1034 rei
984 988 1176 1035 facilior
1199 993 1396 1036 amissio
1426 996 1520 1047 est,
1546 1007 1695 1053 quam
1738 1033 1742 1039 .

201 1086 329 1132 quae
365 1069 637 1116 desiderari
678 1073 857 1116 amissa
891 1086 994 1116 non
1035 1077 1217 1132 potest.
1291 1072 1425 1134 Ergo
1459 1072 1694 1118 adversus

202 1150 341 1208 haec,
367 1167 495 1214 quae
527 1151 750 1197 incidere
787 1157 996 1213 possunt
1021 1155 1174 1198 etiam
1207 1156 1584 1215 potentissimis,
1609 1153 1694 1199 ad-

149 1236 175 1284 7
199 1231 398 1278 hortare
425 1238 477 1278 te
503 1238 557 1278 et
588 1232 779 1278 indura.
854 1232 932 1278 De
969 1232 1173 1295 Pompei
1199 1238 1363 1296 capite
1396 1235 1616 1297 pupillus
1642 1241 1695 1282 et

199 1314 353 1376 spado
369 1314 532 1360 tulere
553 1318 875 1371 sententiam,
891 1314 955 1360 de
974 1313 1145 1360 Crasso
1165 1315 1379 1361 crudelis
1400 1322 1453 1363 et
1479 1316 1694 1363 insolens
1738 1372 1742 1374 q

202 1395 443 1451 Parthus;
482 1396 636 1442 Gaius
656 1396 836 1441 Caesar
854 1399 998 1442 iussit
1015 1395 1261 1457 Lepidum
1284 1395 1477 1442 Dextro
1492 1398 1694 1443 tribuno
1739 1387 1742 1391 ⁵

199 1478 439 1540 praebere
466 1481 727 1534 cervicem,
753 1481 861 1540 ipse
896 1476 1148 1524 Chaereae
1183 1481 1447 1539 praestitit.
1524 1479 1693 1525 Nemi-

198 1576 317 1607 nem
336 1576 396 1607 eo
412 1559 614 1606 fortuna
628 1562 873 1622 provexit,
892 1565 949 1605 ut
968 1575 1070 1605 non
1089 1565 1289 1606 tantum
1310 1559 1383 1620 ill—i
1403 1563 1693 1617 minaretur,
1738 1545 1742 1549 ¹

198 1647 442 1704 quantum
480 1645 789 1703 permiserat.
884 1641 998 1686 Noli
1034 1640 1150 1686 huic
1188 1641 1541 1704 tranquillitati
1577 1658 1693 1688 con-

198 1722 382 1779 fidere;
429 1729 687 1770 momento
730 1739 864 1769 mare
907 1726 1162 1769 evertitur.
1237 1722 1430 1770 Eodem
1477 1723 1560 1770 die
1610 1723 1692 1769 ubi

145 1812 174 1858 8
195 1804 424 1851 luserunt
442 1807 656 1867 navigia,
673 1805 949 1851 sorbentur.
1024 1804 1201 1867 Cogita
1217 1821 1361 1867 posse
1378 1811 1430 1851 et
1445 1805 1691 1851 latronem
1734 1823 1735 1826 ¹

197 1892 249 1933 et
266 1885 462 1933 hostem
478 1886 745 1933 admovere
764 1885 937 1948 iugulo
957 1891 1046 1932 tuo
1065 1885 1303 1948 gladium.
1382 1885 1453 1932 Ut
1468 1892 1691 1948 potestas

195 1971 350 2014 maior
363 1968 510 2023 absit,
526 1984 675 2014 nemo
691 1983 793 2012 non
810 1983 978 2013 servus
995 1966 1150 2014 habet
1164 1971 1217 2013 in
1236 1973 1288 2014 te
1306 1971 1437 2014 vitae
1453 1971 1690 2031 necisque

194 2051 466 2096 arbitrium.
545 2049 622 2095 Ita
647 2049 788 2095 dico:
825 2051 1047 2111 quisquis
1081 2051 1234 2095 vitam
1267 2065 1403 2095 suam
1430 2057 1689 2111 contemp-

195 2135 275 2190 sit,
300 2138 418 2178 tuae
443 2131 674 2177 dominus
708 2136 798 2177 est.
876 2129 1196 2192 Recognosce
1234 2131 1465 2193 exempla
1501 2146 1688 2188 eorum,

193 2216 279 2275 qui
315 2213 602 2259 domesticis
637 2212 829 2258 insidiis
871 2214 1145 2273 perierunt,
1181 2218 1269 2258 aut
1305 2218 1478 2273 aperta
1514 2215 1559 2257 vi
1601 2218 1689 2258 aut

193 2294 338 2351 dolo;
375 2294 644 2356 intelleges
669 2310 770 2340 non
796 2296 1053 2355 pauciores
1078 2309 1329 2339 servorum
1354 2296 1426 2339 ira
1449 2294 1687 2340 cecidisse

191 2392 338 2438 quam
376 2393 564 2438 regum.
639 2374 775 2432 Quid
810 2374 874 2421 ad
910 2381 963 2422 te
1000 2378 1186 2437 itaque,
1223 2390 1372 2436 quam
1408 2380 1588 2436 potens
1623 2378 1688 2421 sit

259 2491 279 2510 α
308 2483 350 2524 Α
371 2483 597 2525 reference
617 2485 665 2524 to
685 2482 763 2523 the
784 2482 962 2523 murder
982 2482 1032 2522 os
1055 2481 1267 2534 Caligula,
1291 2495 1348 2522 on
1368 2481 1446 2522 the
1468 2481 1684 2529 Palatine‚

192 2562 284 2590 ΑΛ).
310 2550 375 2590 41.

199 2614 258 2662 16
