1742 2872
495 106 641 157 THE
677 107 996 160 EPISTLES
1033 109 1124 160 OF
1159 111 1424 160 SENECA

849 303 1065 351 LXIIll.

564 423 757 470 SENECA
796 423 995 470 Lvmmo
1031 439 1116 469 svo
1152 439 1368 470 SALVTEM

162 540 182 586 l
298 542 457 590 Fuisti
511 541 631 590 here
685 543 957 589 nobiscum.
1047 542 1227 591 Potes1
1276 546 1432 605 queri,
1486 546 1524 589 si
1587 540 1726 589 her.

211 625 424 667 tantum.
516 619 640 666 Ideo
685 620 845 666 adieci
893 619 1247 666 “nobiseum.”
1322 620 1523 666 Mecum
1572 624 1723 666 eni·

210 713 410 759 semper
456 713 521 744 es.
611 683 997 744 Intervenerant
1043 697 1246 761 quidam
1293 701 1456 754 amici,
1504 704 1731 760 propt-⁴⁴·

211 790 334 837 quos
370 777 526 820 maior
561 773 726 821 fumus
762 774 922 832 fieret,
957 791 1059 820 non
1096 774 1194 832 hic,
1226 778 1310 837 qui
1348 790 1609 836 erumpere
1645 791 1675 822 e
1726 773 1731 794 ‘

211 851 461 898 lautorum
509 852 687 899 culinis
735 859 789 899 et
835 859 1024 899 terrere
1074 852 1248 915 vigiles
1296 852 1442 909 solet,
1490 852 1579 899 sed
1627 851 1681 898 h’

160 926 187 971 2
210 928 451 986 modicus,
498 932 583 992 qui
642 929 865 992 hospites
918 933 1113 976 venisse
1166 929 1424 992 significet.
1532 929 1682 976 Vari
1724 986 1725 989 Ἰ

211 1007 353 1053 nobis
389 1006 487 1054 fuit
523 1023 701 1065 sermo,
732 1014 788 1053 ut
824 1011 875 1053 in
912 1010 1154 1065 convivio,
1183 1007 1373 1053 nullam
1408 1023 1514 1053 rem
1549 1024 1690 1071 usqu

210 1084 274 1130 ad
321 1087 514 1131 exitum
559 1084 831 1142 adducens,
879 1085 968 1132 sed
1015 1084 1218 1131 aliunde
1265 1084 1362 1130 alio
1408 1084 1690 1132 transilien
1726 1092 1727 1095 ’

213 1160 397 1208 Lectus
427 1168 505 1209 est
540 1162 726 1209 deinde
761 1163 888 1209 liber
921 1162 1101 1221 Quinti
1138 1161 1296 1209 Sextii
1326 1165 1497 1224 patris,
1521 1178 1716 1224 magn

210 1242 249 1285 si
308 1239 430 1302 quid
483 1239 605 1286 mihi
660 1240 836 1298 credis,
884 1243 973 1286 viri
1027 1246 1097 1298 et,
1145 1240 1264 1286 licet
1315 1246 1488 1302 neget,
1536 1239 1672 1286 Stoic
1694 1246 1711 1253 ”

159 1313 187 1359 3
212 1315 443 1374 Quantus
478 1320 531 1363 in
565 1317 669 1375 illo,
694 1317 745 1363 di
781 1317 916 1375 boni,
946 1320 1087 1380 vigor
1122 1324 1215 1375 est,
1245 1323 1489 1380 quantum
1524 1310 1722 1364 ειῐιίῐηί”

213 1394 327 1440 Hoc
346 1411 449 1441 non
462 1397 516 1441 in
534 1396 764 1442 omnibus
779 1394 1089 1458 philosophis
1104 1398 1330 1442 invenies
1347 1411 1359 1452 3
1395 1395 1655 1458 quorunda

210 1475 394 1535 scripta
434 1472 620 1518 clarum
664 1472 996 1519 habentium2
1037 1488 1223 1519 nomen
1278 1475 1526 1535 exanguia
1573 1460 1722 1543 sunt&⁴

213 1549 509 1607 Instituunt,
525 1550 802 1612 disputant,
820 1549 1130 1607 cavillantur,
1146 1566 1246 1596 non
1263 1549 1454 1596 faciunt
1468 1553 1705 1611 animum,
1741 1555 1742 1558 ’

210 1630 327 1690 quia
341 1643 443 1673 non
462 1627 682 1683 habent3
716 1644 829 1674 eum
850 1628 1031 1691 legeris
1051 1626 1296 1685 Sextium,
1311 1627 1467 1673 dices:
1506 1633 1537 1654 “
1556 1627 1664 1674 Vivi

212 1708 366 1767 viget,
413 1705 542 1752 liber
588 1711 682 1762 est,
725 1721 872 1767 supra
919 1704 1175 1752 hominem
1223 1710 1317 1762 est,
1365 1704 1580 1751 dimittit
1624 1721 1675 1751 m
1741 1694 1742 1722 ἶ

158 1779 186 1823 4
212 1781 418 1844 plefium
450 1785 673 1845 ingentis
698 1782 956 1830 fiduciae.”
1030 1782 1092 1829 In
1124 1799 1222 1846 qua
1251 1785 1497 1844 positione
1521 1786 1681 1829 menti
1740 1783 1742 1817 1

212 1863 320 1917 sim,
345 1876 458 1905 cum
495 1859 629 1906 hunc
666 1860 797 1923 lego,
822 1860 1019 1907 fatebor
1053 1860 1175 1906 tibi:
1213 1860 1341 1906 libet
1373 1863 1532 1906 omnis
1567 1875 1679 1906 casu
1740 1843 1742 1863 ¹

212 1953 494 1999 provocare,
524 1937 651 1984 libet
687 1937 994 1984 exclamare:
1036 1935 1219 1994 “Quid
1258 1953 1435 1994 cessaS,
1472 1937 1672 1983 fortuna

212 2013 561 2077 Congredere3
598 2021 823 2077 paratum
858 2014 1043 2061 vides.’'
1121 2014 1258 2060 Illius
1290 2017 1510 2060 animum
1536 2014 1688 2060 induo
1726 2073 1727 2079 ἵ

212 2095 297 2155 qui
339 2096 551 2155 quaerit,
593 2093 678 2138 ubi
721 2108 774 2139 se
817 2096 1118 2154 experiatur,
1160 2093 1246 2138 ubi
1288 2096 1526 2139 virtutem
1568 2109 1623 2139 su

212 2169 464 2227 ostendat,

282 2254 294 2278 1

280 2308 297 2332 2
320 2254 572 2349 ἷὲἷῒηέἳὲῗζ
590 2254 772 2355 siffis
781 2254 1144 2362 12⁰5&thss
1173 2309 1324 2350 habent
1345 2315 1515 2351 tamum
1536 2267 1717 2353 vab}

279 2393 412 2435 “See
431 2407 488 2433 on
512 2394 597 2447 Ep.
623 2393 695 2435 lix
717 2397 753 2435 7.
816 2393 880 2433 As
900 2393 977 2434 the
998 2394 1223 2450 following
1243 2398 1453 2435 sentence
1473 2375 1709 2451 indicates}

214 2447 270 2487 he
283 2460 427 2488 seems
442 2451 490 2487 to
503 2446 617 2487 have
629 2447 890 2488 considered
907 2448 1087 2488 himself
1097 2461 1154 2488 an
1168 2446 1374 2489 eclectio
1364 2462 1407 2489 in
1422 2448 1706 2509 philosophygf

215 2501 304 2542 and
324 2505 371 2542 to
391 2501 504 2541 have
525 2502 637 2542 been
659 2501 756 2541 half
771 2501 910 2549 Stoic,
934 2501 1030 2542 half
1049 2502 1373 2555 Pythagorean
1696 2558 1707 2571 ὦ

1691 2576 1704 2608 g

1687 2609 1709 2772 ³}

217 2573 327 2615 438-
