1742 2872
500 162 647 210 THE
684 161 1004 210 EPISTLES
1044 162 1133 210 OF
1169 162 1435 210 SENECA
1713 0 1737 215 1

163 281 193 328 4
302 274 518 332 Quidam
557 291 685 337 quae
723 281 921 321 tantum
962 278 1133 320 amicis
1175 273 1538 320 committenda
1579 278 1740 352 sunt&

137 405 140 406 ⁷
217 351 373 398 obviis
414 359 618 398 narrant
660 358 712 399 et
755 356 806 398 in
849 352 1100 415 quaslibet
1134 368 1293 410 aures,
1330 350 1567 414 quicquid
1603 350 1739 397 illos*

220 431 409 485 urserit,
461 435 749 476 exonerant.
846 429 1065 486 Quidam
1114 446 1278 476 rursus
1326 433 1477 476 etiarn
1526 431 1714 474 carissi-

214 522 407 552 morum
445 511 802 554 conscientiam
839 507 1183 565 reformidant,
1219 513 1272 554 et
1309 511 1347 553 si
1390 513 1613 569 possent,
1647 522 1715 553 ne

216 584 305 629 sibi
324 584 526 647 quidem
546 586 785 632 credituri
804 589 1013 633 interius
1030 593 1267 648 premunt
1282 603 1430 632 omne
1447 591 1710 632 secretum.
1730 626 1742 664 ἱ

219 661 467 708 Neutrum
484 662 770 709 faciendum
791 670 881 710 est.
958 665 1242 726 Utrumque
1263 667 1398 710 enim
1417 667 1593 709 vitium
1620 668 1713 720 est,
1734 665 1742 692 ³

216 744 270 785 et
294 740 526 787 omnibus
551 740 755 787 credere
782 747 835 787 et
859 741 999 787 nulli.
1074 740 1174 788 Sed
1208 742 1422 788 alterum
1456 740 1742 795 honestius}

163 823 192 871 5
216 816 428 863 dixerim
464 821 658 875 vitium,
692 819 907 865 alterum
943 823 1132 875 tutius3
1170 824 1238 866 sic
1276 826 1512 882 utrosque
1548 810 1742 880 repre-‘⁵1'

217 894 424 953 hendaS,
450 901 503 941 et
539 912 622 942 eos
658 899 743 958 qui
779 912 979 959 semper
1014 900 1227 960 inquieti
1264 904 1399 954 sunt,
1426 904 1479 943 et
1516 912 1600 942 eos
1629 899 1742 958 quia

217 988 416 1034 semper
451 976 730 1036 quiescunt.
809 974 935 1019 Nam
973 974 1060 1020 illa
1095 978 1314 1021 tumultu
1352 974 1578 1037 gaudens
1612 966 1742 1019 noni

217 1055 294 1096 est
327 1049 587 1108 industria,
614 1050 703 1096 sed
729 1054 1012 1113 exagitatae
1038 1055 1224 1098 mentis
1250 1055 1573 1098 concursatio.
1647 1051 1742 1103 Etj.

217 1126 342 1173 haec
375 1144 477 1174 non
511 1135 590 1175 est
622 1132 780 1191 quies,
805 1145 933 1192 quae
966 1136 1159 1176 motum
1196 1147 1397 1176 omnem
1434 1129 1742 1182 molestiam,

165 1211 193 1258 6
217 1204 421 1263 iudicat,
447 1206 536 1253 sed
569 1206 830 1253 dissolutio
863 1213 917 1253 et
941 1206 1164 1269 languor.
1240 1208 1418 1270 Itaque
1443 1207 1555 1264 hoc,
1580 1205 1715 1269 quod

216 1282 350 1344 apud
386 1282 715 1346 Pomponium
746 1284 863 1346 legi,
888 1287 1054 1330 animo
1079 1286 1428 1332 mandabitur:
1465 1283 1715 1348 “quidam

215 1360 343 1406 adeo
362 1364 414 1406 in
430 1361 646 1408 latebras
665 1361 980 1424 refugerunt,
1001 1368 1058 1409 ut
1075 1369 1259 1425 putent
1284 1367 1336 1409 in
1362 1363 1564 1410 turbido
1589 1378 1714 1420 esse,
1739 1379 1742 1398 ³

216 1438 455 1501 quicquid
487 1442 540 1485 in
574 1439 685 1486 luce
720 1439 845 1486 est.”
919 1440 1061 1486 Inter
1090 1457 1142 1487 se
1176 1444 1271 1488 ista
1300 1440 1557 1487 miscenda
1582 1446 1716 1497 sunt,

216 1521 270 1563 et
305 1519 585 1578 quiescenti
621 1517 875 1580 agendum
915 1523 968 1564 et
1003 1521 1176 1581 agenti
1219 1517 1580 1580 quiescendum
1622 1523 1712 1564 est.

218 1593 342 1639 Cum
379 1610 543 1640 rerum
580 1601 758 1641 natura
790 1594 1043 1651 delibera3
1080 1595 1167 1642 illa
1198 1596 1335 1643 dicet
1368 1596 1462 1642 tibi
1495 1602 1549 1643 et
1581 1595 1714 1642 diem

218 1670 397 1719 fecisse
421 1688 474 1719 se
500 1679 553 1720 et
577 1679 793 1720 noctem.
871 1673 910 1718 V
915 1689 1020 1720 Αιε.

908 2015 1029 2063 IIII.

557 2145 750 2194 SENECA
790 2146 990 2192 Lvmmo
1027 2163 1111 2192 svo
1147 2161 1366 2192 SALVTEM

171 2282 190 2328 l
307 2275 572 2322 Persevera
607 2281 665 2321 ut
700 2277 909 2336 coepisti
945 2280 999 2320 et
1034 2279 1279 2336 quantum
1312 2278 1456 2334 potes
1489 2287 1713 2334 propera,

218 2371 317 2417 quo
341 2354 529 2400 diutius
554 2352 651 2398 frui
677 2351 947 2398 emendato
972 2355 1138 2396 animo
1164 2356 1216 2396 et
1250 2353 1509 2411 conposito
1543 2351 1710 2410 possis.

221 2433 415 2478 Frueris
447 2430 652 2493 quidem
678 2433 830 2476 etiam
855 2429 976 2475 dum
1002 2427 1257 2484 emendas,
1278 2430 1429 2473 etiam
1451 2426 1571 2471 dum
1597 2441 1714 2472 con-

808 2564 828 2582 ‘¹
857 2555 943 2598 See
966 2555 1119 2596 Index.

224 2631 284 2673 12
