1742 2872
484 108 631 155 THE
667 109 987 158 EPISTLES
1025 110 1114 159 oF
1150 112 1416 160 SENECA
1699 76 1742 118 ἲ*

171 217 290 263 ‘sed
328 217 452 264 haec
488 224 659 266 tamen
684 221 868 267 morbis
902 227 955 267 et
980 223 1288 283 temporibus
1321 224 1540 285 aptanda
1564 233 1692 275 sunt.

117 364 141 368 m
205 305 318 350 Hoc
336 309 576 367 asperitas
596 307 847 354 oculorum
876 308 1195 365 conlevatur3
1231 310 1326 356 hoc
1350 311 1730 374 palpebrarum*

203 392 478 439 crassitudo
494 400 754 451 tenuatur3
784 395 879 441 hoc
900 400 970 443 vis
986 397 1152 442 subita
1168 404 1222 444 et
1238 414 1379 444 umor
1393 399 1410 429 1
1427 404 1667 447 avertitur
1683 416 1708 457 ξ,

203 477 297 525 hoc
316 486 525 527 acuetur
543 485 674 529 visus
692 499 704 538 3
740 489 871 529 teras
890 487 986 530 ista
1001 491 1201 546 oportet
1226 491 1279 532 et
1304 486 1458 548 eligas
1482 493 1702 550 tempusff¹

203 566 442 615 adhibeas
467 570 675 632 singulis
701 571 918 618 modum.
1544 634 1550 638 ι
1709 639 1713 641 ‚

289 657 460 704 Animi
479 659 701 705 remedia
720 662 926 706 inventa
950 667 1068 707 sunt
1086 662 1149 708 ab
1167 665 1384 724 antiquis
1404 679 1415 718 3
1451 665 1716 727 quomodo&
1739 694 1742 700 -

202 750 374 791 autem
414 746 778 794 admoveantur
821 754 910 794 aut
951 749 1168 811 quando,
1210 754 1365 797 nostri
1413 755 1575 813 operis
1622 769 1675 800 es

152 836 180 882 9
204 851 457 898 quaerere.
532 835 752 882 Multum
791 843 1022 898 egerunt,
1063 841 1149 900 qui
1190 845 1309 885 ante
1350 856 1440 886 nos
1479 839 1658 887 fuerun

203 1188 492 1235 celebrem?
562 1188 753 1247 Quidni
791 1206 887 1252 ego
929 1189 1039 1237 illos
1076 1191 1274 1238 honoris
1316 1209 1463 1240 causa
1504 1210 1674 1257 sempe
1695 1228 1710 1251 2

203 1276 494 1339 appellem?
561 1277 728 1336 Quam
753 1283 1127 1326 venerationem
1153 1283 1558 1344 praeceptoribus
1576 1267 1710 1349 meisi

203 1364 383 1423 debeo,
419 1365 635 1412 eandem
670 1365 767 1413 illis
803 1369 1210 1430 praeceptoribus
1244 1374 1443 1432 generis
1480 1356 1718 1430 humanis

121 1458 181 1504 10
203 1469 233 1498 a
256 1453 436 1515 quibus
485 1457 614 1501 tanti
657 1454 775 1500 boni
822 1458 965 1502 initia
1007 1455 1270 1506 fluxerunt.
1344 1457 1397 1504 Si
1444 1458 1695 1507 consulem

203 1540 374 1587 videro
414 1547 503 1587 aut
544 1548 844 1604 praetorem,
885 1546 1066 1600 omnia,
1109 1544 1288 1607 quibus
1330 1544 1488 1592 honor
1529 1546 1742 1613 haberis

204 1627 378 1675 honori
403 1629 549 1687 solet,
574 1628 781 1686 faciam3
818 1646 949 1693 equo
967 1630 1211 1690 desiliam,
1230 1639 1382 1695 caput
1399 1634 1698 1697 adaperiam,

203 1719 384 1763 semita
441 1716 630 1764 cedam.
726 1716 864 1775 Quid
923 1720 1078 1782 ergo?
1173 1720 1396 1767 Marcum
1457 1721 1696 1770 Catonem

205 1811 473 1868 utrumque
515 1810 569 1851 et
614 1804 839 1852 Laelium
881 1804 1174 1868 Sapientem
1210 1814 1263 1854 et
1304 1807 1544 1856 Socraten
1586 1827 1647 1857 cu

208 1892 416 1940 Platone
442 1899 496 1940 et
520 1893 775 1940 Zenonem
801 1893 1183 1958 Cleanthenque
1208 1899 1260 1942 in
1284 1900 1506 1944 animum
1531 1915 1646 1946 meu

203 1984 311 2027 sine
364 1980 657 2043 dignatione
695 1997 887 2028 summa
936 1984 1206 2045 recipiam?
1276 1984 1385 2047 Ego
1434 2002 1547 2032 vero
1589 1986 1673 2033 illo

204 2084 414 2115 veneror
437 2074 491 2114 et
515 2071 669 2114 tantis
693 2070 978 2116 nominibus
1003 2086 1201 2133 semper
1224 2071 1449 2134 adsurgo,
1524 2073 1671 2122 VALE.
1688 2071 1733 2141 ,Ἰ

1702 2148 1708 2152 -
1728 2113 1732 2159 l

206 2174 289 2271 Col
317 2175 458 2269 ετῖζνὶια
486 2180 525 2216 et
553 2190 680 2217 umor
710 2175 895 2226 LVPb;
922 2177 1056 2219 subite
1085 2178 1216 2220 timor
1242 2192 1302 2233 p;
1329 2179 1471 2222 subita
1499 2185 1539 2222 et
1567 2166 1731 2246 timor-*j

273 2241 351 2270 rne
369 2241 502 2270 isseu.

209 2581 304 2624 442
