1742 2872
490 103 637 151 THE
672 104 993 153 EPISTLES
1030 105 1120 153 OF
1156 106 1422 154 SENECA
1705 0 1725 172 1

1709 183 1714 201 l

157 218 185 263 2
206 213 649 260 demonstrandam
689 216 842 260 animi
885 213 1094 261 hilarem
1134 214 1485 262 adfectionem.
1573 213 1731 284 Sci05‘5

119 335 125 338 ,
208 284 429 343 inquam,
455 287 509 327 et
545 280 876 343 voluptatem,
900 285 940 328 si
976 281 1039 328 ad
1070 288 1292 328 nostrum
1324 282 1526 328 albuml
1553 284 1703 332 verba

207 348 497 410 derigimus,
518 364 621 394 rem
642 347 881 395 infamem
903 365 1012 396 esse
1032 355 1086 395 et
1105 349 1342 428 gaudium
1369 353 1464 396 nisi
1488 354 1661 412 sapien
1725 356 1731 398 1

206 431 309 462 non
351 418 658 477 contingere.
733 415 826 462 Est
863 419 997 462 enim
1038 419 1192 462 animi
1234 416 1386 463 elatio
1423 421 1523 464 suis
1560 415 1705 466 bonis

209 486 436 544 verisque
484 481 700 530 fidentis.
788 483 953 545 Vulgo
1002 490 1171 529 tamen
1218 487 1288 530 sic
1335 484 1599 546 loquimur,
1647 502 1680 532 u

208 549 431 595 dicamus
471 566 712 612 magnum
753 550 991 613 gaudium
1034 567 1123 597 nos
1166 567 1228 598 ex
1270 551 1401 597 illius
1442 552 1731 600 consulatu

207 623 295 663 aut
319 619 510 679 nuptiis
535 622 622 664 aut
647 633 710 664 ex
734 624 879 680 partu
906 621 1070 664 uxoris
1096 622 1394 680 percepisse,
1418 635 1547 681 quae
1578 619 1733 686 adem}

209 700 311 730 non
336 691 456 731 sunt
479 684 678 747 gaudia,
699 691 755 731 ut
775 701 924 747 saepe
946 688 1088 731 initia
1107 685 1305 732 futurae
1325 689 1561 734 tristitiae
1587 690 1702 736 sint.
1717 677 1733 742 ἶ

210 751 408 798 Gaudio
432 758 603 799 autem
628 755 855 799 iunctum
887 758 965 800 est
988 769 1090 798 non
1114 752 1344 800 desinere
1377 769 1471 800 nec
1503 757 1555 800 in
1588 770 1706 801 con·
1726 755 1732 771 ⁴

209 823 415 866 trarium
442 822 582 866 verti.

161 884 189 930 3
297 886 475 948 ltaque
500 903 614 933 cum
638 887 762 934 dicit
788 887 1037 950 Vergilius
1060 879 1232 934 noster

669 994 730 1036 Et
748 993 865 1035 mala
885 996 1047 1036 mentis
1066 994 1246 1048 gaudia,

209 1231 432 1290 inposuit
456 1233 510 1274 et
538 1227 672 1289 quod
706 1227 863 1274 voluit
898 1231 1156 1289 expressit.
1229 1226 1539 1290 Significavit
1571 1233 1651 1276 eni
1731 1242 1732 1245 ’

159 1294 190 1340 4
211 1294 439 1341 homines
463 1295 594 1341 malo
626 1311 715 1340 suo
744 1294 916 1341 laetos.
989 1293 1180 1341 Tamen
1213 1310 1308 1356 ego
1339 1311 1441 1342 non
1471 1299 1707 1345 inmerito

211 1361 433 1408 dixeram
460 1365 650 1424 cepisse
675 1378 756 1408 me
780 1378 1015 1424 magnam
1039 1378 1102 1408 ex
1127 1362 1342 1424 epistula
1366 1369 1455 1409 tua
1478 1363 1732 1427 volupta-·

212 1435 348 1485 tem3
383 1433 608 1492 quamvis
627 1432 762 1476 enim
782 1444 845 1475 ex
864 1429 1076 1476 honesta
1090 1429 1109 1459 2
1128 1445 1274 1475 causa
1293 1432 1537 1492 inperitus
1558 1431 1733 1483 homo!

211 1496 450 1559 gaudeat,
466 1503 638 1543 tamen
656 1496 916 1544 adfectum
936 1500 1041 1543 eius
1060 1499 1381 1559 inpotentem
1400 1501 1524 1544 etin
1543 1496 1705 1545 diver·
1730 1495 1733 1544 1

212 1580 323 1611 sum
358 1567 530 1611 statim
566 1564 924 1610 inclinaturum
955 1563 1270 1627 voluptatem
1302 1580 1441 1622 voco,
1470 1557 1733 1627 opinionel

211 1631 323 1678 falsi
348 1631 467 1678 boni
493 1637 698 1689 motam,
724 1631 1088 1678 inmoderatam
1115 1638 1168 1678 et
1191 1631 1506 1679 inmodicam.

295 1697 397 1746 Sed
434 1705 491 1746 ut
524 1699 588 1746 ad
625 1702 935 1762 propositum
969 1704 1206 1757 revertar,
1229 1698 1363 1756 audi,
1388 1699 1508 1762 quid
1540 1715 1623 1746 me
1653 1669 1732 1771 inl

210 1766 426 1829 epistula
461 1773 550 1813 tua
585 1766 944 1813 delectaverit.
981 1765 1137 1813 habes
1169 1766 1320 1813 velba
1351 1770 1403 1812 in
1435 1773 1732 1829 potestate

212 1835 327 1880 Non
374 1833 519 1881 effert
565 1840 620 1881 te
667 1837 825 1880 oratio
866 1850 961 1880 nec
1008 1833 1206 1895 longius
1247 1849 1397 1896 quam
1444 1834 1731 1898 destinasti?

158 1899 186 1945 5
210 1901 378 1949 trahit.
453 1901 606 1947 Multi
630 1907 764 1959 sunt,
780 1904 866 1964 qui
885 1901 948 1947 ad
973 1900 1042 1961 id,
1061 1900 1196 1964 quod
1220 1917 1323 1947 non
1347 1894 1730 1963 proposuerant&

277 2020 468 2062 lalbum
486 2019 543 2066 R,
567 2019 806 2072 Agricola·
834 2020 986 2061 aluum
1004 2033 1054 2060 or
1073 2019 1212 2060 alium
1232 2017 1362 2061 MSS.
1714 1940 1731 2042 {l

276 2074 294 2099 ²
322 2074 498 2116 honesta
527 2073 736 2127 Lipsius;
765 2073 933 2115 homine
964 2074 1050 2115 ista
1078 2071 1208 2115 MSS.
1231 2090 1244 2122 ;
1280 2087 1369 2115 non
1396 2073 1619 2116 inhonesta
1647 2073 1703 2117 Ο.
1710 2079 1733 2170 ἢ

212 2127 460 2170 Rossbach.
1708 2133 1731 2217 {i

276 2234 368 2276 “A
398 2234 462 2288 fig
464 2247 541 2275 ure
578 2234 717 2275 taken
752 2234 867 2275 from
903 2233 982 2275 the
1020 2233 1234 2287 praetors
1268 2233 1403 2281 edict,
1438 2233 1582 2310 which
1616 2212 1734 2282 was}

211 2289 371 2352 posted
390 2249 588 2342 publicly
608 2302 665 2329 on
686 2302 714 2329 a
734 2288 868 2330 white
888 2288 1044 2335 tablet‚
1067 2288 1225 2330 album.

279 2345 295 2370 ⁶
324 2344 352 2385 i.
359 2357 413 2391 6.,
435 2342 564 2396 grief.
1118 2342 1349 2390 ‘’Acraeid,
1371 2344 1427 2384 vi.
1453 2344 1544 2383 278.
1685 2313 1724 2441 3

278 2399 299 2424 ‘¹
326 2397 421 2438 The
455 2399 560 2437 wise
593 2410 714 2443 man,
749 2409 805 2437 on
841 2395 918 2437 the
951 2396 1079 2437 other
1113 2395 1248 2444 hand,
1280 2396 1360 2437 has
1390 2395 1458 2437 his
1488 2398 1682 2437 emotion

211 2451 354 2493 under
391 2451 577 2498 control,
617 2450 707 2491 and
741 2452 778 2491 is
817 2450 903 2491 less
942 2450 1080 2502 likely
1111 2453 1159 2490 to
1193 2450 1250 2492 be
1283 2450 1464 2503 swayed
1502 2450 1721 2504 by“a11,².

212 2507 392 2559 opinion
413 2506 684 2558 concerning
703 2518 731 2545 a
750 2506 953 2558 spurious
972 2503 1137 2557 good.''

216 2577 314 2618 410
