1742 2872
539 144 685 190 THE
721 144 1041 193 EPISTLES
1079 145 1168 191 OF
1204 145 1469 194 SENECA

159 306 184 311 „p
210 253 238 300 3
346 251 529 310 “Quid
571 252 785 298 aliud?”
823 256 1017 315 inquis;
1065 252 1275 299 “adhuc
1316 253 1474 300 volo.”
1561 254 1620 300 In
1659 253 1742 302 hoc

260 318 530 381 plurimum
549 325 643 376 est,
661 336 763 365 non
783 323 851 366 sic
870 320 1118 382 quomodo
1143 324 1385 383 principia
1410 325 1564 367 totius
1588 326 1742 384 operis

261 385 525 432 dimidium
543 402 787 448 occupare
807 386 1045 433 dicuntur
1062 403 1073 443 ;
1109 388 1230 446 istal
1250 403 1328 433 res
1347 392 1514 434 animo
1538 395 1742 436 constat.

261 452 440 515 Itaque
475 469 587 515 pars
622 470 805 515 magna
840 454 1076 500 bonitatis
1112 460 1190 500 est
1230 455 1360 501 velle
1401 455 1507 501 fieri
1547 456 1742 504 bonum.

260 518 365 566 Scis
406 536 557 582 quem
598 521 786 566 bonum
826 520 1025 568 dicam?
1108 520 1409 578 Perfectum,
1450 522 1742 581 absolutum,

258 602 410 649 quem
434 587 621 633 malum
644 586 810 634 facere
838 587 977 633 nulla
1007 590 1097 645 vis,
1122 588 1260 634 nulla
1283 593 1554 636 necessitas
1578 594 1742 652 possit.

208 663 237 708 4
261 654 415 699 Hunc
450 660 504 700 te
540 657 803 716 prospicio,
828 658 868 700 si
897 659 1288 717 perseveraveris
1314 661 1367 702 et
1390 657 1672 703 incubueris
1697 663 1742 705 ei

257 720 310 766 id
335 724 514 782 egeris,
538 727 597 766 ut
621 725 788 767 omnia
819 721 953 768 facta
984 722 1220 785 dictaque
1255 728 1344 768 tua
1377 725 1510 770 inter
1544 739 1597 769 se
1633 741 1742 770 con-

258 794 442 849 gruant
481 804 539 834 ac
580 788 918 850 respondeant
959 789 1053 835 sibi
1095 795 1147 836 et
1188 805 1288 835 una
1327 789 1485 835 forma
1519 806 1742 852 percussa

258 858 371 901 sint.
464 855 579 901 Non
620 861 697 901 est
738 855 884 903 huius
926 859 1119 903 animus
1159 860 1212 902 in
1260 863 1413 914 rectO,
1456 861 1594 903 cuius
1641 864 1742 904 acta

235 921 556 969 discordant.
631 923 780 971 VALE.

899 1094 1107 1144 XXXV.

606 1211 800 1259 SENECA
836 1212 1037 1259 ch1mo
1073 1229 1156 1259 svo
1193 1223 1408 1260 SALVTEM

212 1329 235 1376 1
341 1320 545 1369 Cum-te
577 1327 682 1368 tam
713 1321 859 1368 valde
895 1338 1033 1384 rogo,
1057 1327 1115 1368 ut
1150 1321 1368 1380 studeas,
1393 1338 1562 1369 meum
1596 1339 1742 1386 nego-

258 1392 385 1435 tium
409 1405 535 1451 ago;
571 1388 756 1436 habere
781 1395 834 1436 te
850 1388 869 1418 2
897 1392 1111 1434 amicum
1144 1388 1274 1446 volo,
1298 1389 1432 1452 quod
1457 1393 1742 1453 contingere

256 1455 397 1514 mihi,
421 1459 516 1502 nisi
550 1459 718 1519 pergis
750 1462 809 1502 ut
841 1459 1050 1518 coepisti
1087 1456 1316 1503 excolere
1346 1462 1415 1514 te,
1439 1473 1541 1503 non
1565 1463 1742 1520 potest,

260 1524 406 1569 Nunc
443 1526 578 1569 enim
614 1539 748 1569 amas
784 1539 883 1581 me,
905 1526 1093 1569 amicus
1122 1539 1222 1569 non
1248 1539 1313 1569 es.
1387 1523 1570 1582 “Quid
1596 1525 1742 1586 ergo!

260 1590 404 1637 Haec
422 1594 557 1637 inter
574 1606 627 1637 se
653 1590 849 1637 diversa
873 1591 1025 1636 sunt?
1042 1590 1069 1606 ''
1133 1590 1292 1636 Immo
1317 1590 1587 1637 dissimilia.
1650 1590 1742 1649 Qui

255 1661 442 1704 amicus
476 1663 569 1716 est,
594 1663 757 1713 amat3
793 1660 879 1720 qui
914 1664 1065 1714 amat,
1089 1673 1191 1703 non
1227 1661 1402 1720 utique
1437 1661 1622 1704 amicus
1659 1664 1742 1707 est.

259 1724 436 1787 Itaque
454 1727 674 1771 amicitia
697 1741 895 1786 semper
918 1724 1139 1786 prodest,
1157 1741 1296 1771 amor
1313 1724 1580 1788 aliquando
1599 1728 1742 1772 etiam

255 1798 418 1838 nocet.
510 1790 562 1838 Si
608 1791 734 1838 nihil
781 1791 934 1848 aliud,
982 1792 1046 1838 ob
1093 1791 1188 1838 hoc
1234 1791 1433 1854 profice,
1479 1798 1539 1839 ut
1584 1808 1742 1840 amare

256 1858 427 1905 discas.

203 1942 233 1988 2
343 1926 546 1972 Festina
582 1942 717 1988 ergo,
753 1926 871 1972 dum
912 1924 1035 1972 mihi
1077 1926 1287 1988 proficis,
1328 1942 1393 1973 ne
1434 1929 1564 1973 istuc
1604 1927 1742 1995 alteri

715 2022 730 2047 ¹
759 2023 845 2063 ista
864 2021 1047 2070 Haase3
1075 2022 1140 2063 ita
1159 2021 1290 2064 MSS.

751 2076 768 2100 2
797 2082 835 2117 te
854 2076 1002 2116 added
1022 2076 1082 2129 by
1105 2076 1261 2119 Linde.

324 2171 344 2190 α
371 2164 460 2210 i.e.‚
500 2161 578 2202 the
615 2161 804 2214 proverb
842 2174 947 2214 may
979 2161 1116 2214 apply
1154 2163 1202 2202 to
1239 2161 1367 2202 tasks
1397 2161 1542 2202 which
1580 2174 1608 2202 a
1644 2174 1688 2201 m

254 2216 474 2270 performs
495 2215 600 2256 with
621 2215 689 2256 his
717 2215 878 2262 hands,
906 2215 989 2255 but
1012 2216 1048 2256 it
1075 2217 1112 2256 is
1131 2229 1190 2255 an
1215 2215 1602 2257 understatement
1620 2215 1718 2256 whe

256 2270 435 2324 applied
452 2274 501 2311 to
518 2269 597 2310 the
616 2268 743 2310 tasks
763 2270 815 2309 of
827 2269 906 2310 the
926 2268 1035 2310 soul.

325 2327 341 2350 ὸ
369 2324 464 2365 The
489 2325 695 2377 question
722 2323 773 2364 of
798 2323 995 2364 Lucilius
1023 2326 1274 2375 represents
1302 2322 1381 2364 the
1407 2322 1594 2376 popular
1621 2324 1690 2363 vie

258 2377 403 2420 which
431 2377 614 2431 regards
645 2377 743 2418 love
776 2390 826 2418 as
858 2377 1089 2430 including
1118 2376 1378 2430 friendship.
1453 2377 1541 2418 But
1572 2390 1702 2440 aecor

257 2431 625 2581 {zigfisffngs‘ffffi}
649 2435 768 2527 ἲξεὲῗι
783 2430 1697 2532 223022‘31‚pffffsssssseh‘ztsszsfrfzssn{1⁹3¹ng

278 2554 370 2580 rien
405 2554 425 2581 s
461 2554 518 2593 lp.

259 2611 357 2652 242
