1742 2872
427 154 574 201 THE
610 152 930 201 EPISTLES
966 151 1057 200 OF
1092 150 1359 200 SENECA

96 265 125 311 8
147 277 248 307 non
273 267 473 308 tantum
497 263 583 323 qui
607 266 741 318 sunt,
759 259 850 307 sed
864 262 951 322 qui
969 258 1188 305 fuerunt.
1260 258 1336 304 Ex
1360 258 1436 305 his
1451 264 1637 315 autem,

131 332 233 392 qui
257 334 390 385 sunt,
410 327 653 390 eligamus
668 343 771 373 non
790 342 890 384 eos,
906 329 991 389 qui
1017 326 1167 372 verba
1180 342 1361 387 magna
1380 325 1638 372 celeritate

147 399 482 458 praecipitant
506 401 561 441 et
584 410 873 440 communes
897 394 1031 439 locos
1055 393 1263 439 volvunt
1288 399 1341 439 et
1364 396 1417 437 in
1448 395 1640 454 privato

149 462 564 518 circulantur,sed
581 478 681 518 eos,
697 464 782 524 qui
797 460 924 507 vital
941 461 1142 518 docent,
1159 463 1372 522 quicum
1389 459 1639 515 dixerunt,

148 530 270 593 quid
295 529 582 576 faciendum
599 532 680 586 sit,
698 528 913 590 probant
932 527 1177 584 faciend0‚
1196 530 1281 589 qui
1301 527 1501 584 docent,
1521 525 1637 588 quid

149 597 412 644 vitandum
448 600 529 654 sit,
563 612 660 642 nec
696 611 933 657 umquam
967 598 1020 640 in
1057 611 1133 651 eo,
1168 594 1303 656 quod
1345 593 1639 655 fugiendum

150 664 403 721 dixerunt,
428 661 892 725 deprehenduntur.

236 732 367 777 Eum
392 730 524 793 elige
548 730 844 786 adiutorem,
869 744 1021 792 quem
1044 731 1203 790 magis
1231 727 1505 785 admireris,
1529 744 1642 773 cum

99 801 127 848 9
151 798 333 845 videris
357 814 508 861 quam
532 813 647 842 cum
669 796 897 843 audieris.
973 796 1081 842 Nec
1099 795 1214 842 ideo
1233 800 1287 841 te
1306 793 1643 857 prohibuerim

151 865 243 912 hos
283 881 483 928 quoque
524 863 714 921 audire,
760 863 940 926 quibus
985 863 1254 909 admittere
1300 861 1541 924 populum
1587 877 1644 907 ac

150 933 394 980 disserere
435 930 746 978 consuetudo
782 936 875 988 est,
911 933 951 976 si
985 929 1135 976 modo
1175 928 1270 975 hoc
1305 932 1558 991 proposito
1593 931 1645 974 in

151 1001 352 1046 turbam
367 998 703 1062 prodeunt,ut
716 997 947 1044 meliores
962 997 1084 1043 fiant
1098 996 1384 1059 faciantque
1398 996 1645 1053 meliores,

152 1071 193 1114 si
227 1083 330 1113 non
370 1067 656 1112 ambitionis
691 1064 786 1111 hoc
827 1080 973 1111 causa
1014 1069 1264 1110 exercent.
1339 1062 1475 1121 Quid
1511 1066 1647 1110 enim

152 1137 348 1197 turpius
394 1131 709 1196 philosophia
755 1137 991 1194 captante
1046 1130 1320 1177 clamores?
1390 1129 1646 1193 Numquid

70 1204 133 1252 10
154 1218 306 1264 aeger
328 1200 501 1247 laudat
523 1199 776 1246 medicum
801 1204 1057 1245 secantem
1077 1199 1096 1244 ?
1164 1197 1369 1255 Tacete,
1393 1197 1561 1244 favete
1594 1203 1648 1244 et

154 1269 395 1331 praebete
419 1284 505 1314 vos
530 1270 785 1314 curationi.
859 1266 1027 1312 Etiam
1051 1268 1091 1312 si
1111 1265 1519 1322 exclamaveritis‚
1546 1280 1647 1311 non

155 1336 303 1383 aliter
325 1335 542 1392 audiam,
566 1350 716 1397 quam
741 1337 781 1380 si
804 1333 868 1379 ad
892 1339 1086 1380 tactum
1110 1335 1343 1379 vitiorum
1371 1337 1648 1378 vestrorum

154 1405 520 1466 ingemescatis.
594 1401 787 1448 Testari
819 1400 970 1447 vultis
1004 1399 1284 1446 adtendere
1319 1415 1405 1445 vos
1438 1402 1648 1445 moveri-

155 1487 255 1534 que
291 1468 642 1532 magnitudine
678 1468 880 1515 rerum?
950 1466 1081 1514 Sane
1119 1466 1297 1522 liceat;
1350 1472 1408 1513 ut
1444 1465 1649 1528 quidem

156 1538 389 1584 iudicetis
422 1542 476 1583 et
504 1537 675 1582 feratis
699 1535 764 1582 de
789 1534 996 1581 meliore
1021 1534 1323 1596 suffragium,
1348 1533 1524 1596 quidni
1547 1549 1650 1579 non

156 1604 483 1668 permittam?
555 1602 708 1665 Apud
752 1601 1086 1664 Pythagoram
1132 1600 1387 1663 discipulis
1428 1603 1650 1663 quinque

157 1675 300 1719 annis
318 1670 592 1719 tacendum
617 1676 755 1725 erat;
790 1668 1036 1732 numquid
1055 1685 1175 1731 ergo
1199 1671 1453 1715 existimas
1477 1670 1649 1714 statim

158 1739 257 1786 illis
283 1745 337 1786 et
360 1738 497 1801 loqui
523 1744 577 1784 et
599 1737 804 1784 laudare
828 1736 1061 1783 licuisse?

74 1812 130 1860 11
243 1804 448 1863 Quanta
470 1811 643 1852 autem
671 1804 928 1851 dementia
964 1805 1070 1849 eius
1106 1808 1200 1859 est,
1225 1818 1376 1865 quem
1411 1801 1651 1847 clamores

157 1877 488 1936 inperitorum
527 1871 737 1918 hilarem
773 1887 835 1918 ex
870 1869 1117 1917 auditorio
1142 1869 1445 1915 dimittunt?
1513 1867 1651 1926 Quid

158 1940 374 1998 laetaris,
398 1939 534 2003 quod
556 1939 619 1985 ab
644 1938 929 1985 hominibus
951 1936 1029 1983 his
1053 1936 1285 1983 laudatus
1310 1951 1378 1993 eS,
1404 1951 1527 1998 quos
1550 1951 1652 1981 non

191 2046 240 2142 ‘tl
269 2047 361 2088 vita
406 2045 640 2093 Muretus;
692 2045 828 2086 vitam
875 2043 1011 2091 LPb;
1060 2042 1218 2084 Hense
1264 2044 1472 2094 suggests
1518 2040 1654 2082 vitam

157 2116 200 2144 m
221 2116 261 2143 a.

226 2236 247 2254 ‘²
277 2226 566 2268 Circulatores
598 2239 714 2266 were
740 2224 978 2277 travelling
1010 2224 1239 2265 showmen
1273 2222 1373 2263 who
1401 2221 1653 2275 performed

161 2281 597 2333 sword-swallowing
611 2279 701 2320 and
721 2278 1115 2331 snake-charming
1129 2277 1260 2324 feats,
1278 2290 1328 2318 or
1345 2275 1487 2329 cheap
1503 2279 1653 2328 stump

161 2335 373 2389 speakers
394 2335 493 2375 who
513 2333 746 2387 displayed
761 2333 876 2374 their
895 2332 1137 2386 eloquence
1156 2335 1203 2372 at
1222 2331 1300 2372 the
1319 2333 1653 2378 street-corners

160 2391 205 2431 in
225 2390 303 2431 the
322 2389 439 2442 hope
458 2389 510 2430 of
530 2402 558 2429 a
578 2389 664 2428 few
683 2400 838 2441 pence.
897 2386 993 2427 The
1013 2385 1135 2427 word
1163 2387 1200 2426 is
1226 2385 1320 2426 also
1346 2383 1486 2425 found
1506 2385 1549 2424 in
1576 2383 1654 2424 the

162 2457 293 2485 sense
312 2443 364 2484 of
382 2447 411 2467 “
426 2442 580 2496 pedlar
594 2441 631 2483 ''.

230 2499 247 2524 ὃ
276 2497 382 2538 This
416 2496 507 2537 and
539 2495 661 2536 what
693 2495 881 2542 follows,
910 2497 959 2535 to
993 2497 1014 2544 ξ
1050 2496 1116 2540 11,
1152 2506 1228 2534 are
1261 2492 1339 2533 the
1369 2491 1513 2532 words
1546 2489 1653 2531 with

162 2551 307 2592 which
327 2565 356 2592 a
374 2554 473 2591 true
494 2549 780 2603 philosopher
798 2550 835 2589 is
855 2547 1078 2602 supposed
1096 2550 1144 2588 to
1164 2546 1348 2588 address
1368 2545 1438 2586 his
1458 2545 1650 2586 hearers.

165 2622 260 2664 348
