1742 2872
467 103 615 150 THE
651 103 970 151 EPISTLES
1008 103 1098 151 OF
1133 103 1397 151 SENECA

185 212 371 259 deinde
414 211 662 258 crudelius
702 211 890 258 iudicas
930 211 1118 274 aliquid
1160 228 1221 258 ex
1263 216 1364 258 vita
1405 213 1678 275 perdidisse
1719 223 1742 270 ,ξ

83 298 143 344 35
186 296 335 342 quam
382 278 490 325 ius1
550 279 835 326 finiendae?
939 279 1055 325 Noli
1112 295 1193 326 me
1252 283 1437 326 invitus
1490 281 1678 338 audire,
1719 276 1741 345 {4

185 353 440 409 tamquam
473 346 536 392 ad
566 352 619 392 te
644 350 741 392 iam
778 349 1031 408 pertineat
1061 349 1157 393 ista
1181 351 1448 405 sententia,
1474 354 1527 394 et
1559 348 1679 410 quid
1738 361 1741 402 g

185 413 347 460 dicam
383 417 620 460 aestima:
674 430 775 459 non
816 413 1094 475 relinquam
1142 420 1475 472 senectutem,
1517 418 1558 461 si
1597 432 1679 462 me
1737 420 1739 458 j

185 487 349 527 totum
388 480 509 526 mihi
552 481 840 538 reservabit,
883 487 1046 527 totum
1093 487 1264 527 autem
1305 482 1368 527 ab
1410 482 1494 528 illa
1541 489 1679 544 parte

183 549 389 595 meliore
408 564 420 604 ;
455 554 508 594 at
543 551 583 593 si
616 551 839 610 coeperit
873 554 1142 594 concutere
1172 555 1413 606 mentem,
1438 552 1476 594 si
1515 556 1680 611 partes
1722 577 1739 602 ω

183 619 289 662 eius
337 614 637 672 convellere,
679 618 719 661 si
766 614 888 660 mihi
934 632 1035 661 non
1084 619 1237 662 vitam
1278 616 1552 679 reliquerit,
1591 617 1703 664 sed·
1738 648 1739 679 3

181 686 416 740 animam,
474 682 724 744 prosiliam
782 699 842 729 ex
901 681 1125 728 aedificio
1190 687 1324 745 putri
1382 699 1439 729 ac
1496 688 1675 731 ruenti.
1737 681 1739 723 ἕ

97 759 159 806 36
187 750 419 796 Morbum
450 756 611 796 morte
637 766 738 795 non
762 749 968 812 fugiam,
993 749 1255 796 dumtaxat
1287 751 1559 798 sanabilem
1584 768 1679 798 nec
1726 760 1742 815 αἱ

182 818 482 864 officientem
502 821 680 863 animo.
755 816 871 863 Non
894 815 1115 863 adferam
1136 817 1256 863 mihi
1282 834 1457 864 manus
1477 825 1679 880 propter
1741 846 1742 858 κ

183 884 436 941 dolorem;
473 888 541 930 sic
574 887 699 930 mori
730 887 861 930 vinci
892 890 981 931 est.
1058 884 1210 931 Hunc
1244 890 1413 932 tamen
1447 889 1486 931 si
1523 890 1678 932 sciero

182 958 427 1014 perpetuo
465 951 588 997 mihi
631 968 738 998 esse
786 951 1097 1013 patiendum,
1134 952 1296 1010 exibo,
1332 969 1434 999 non
1475 959 1679 1015 propter
1741 952 1742 1000 j

181 1022 362 1082 ipsum,
404 1019 493 1066 sed
540 1022 656 1082 quia
696 1018 1045 1080 inpedimento
1092 1019 1213 1065 mihi
1255 1021 1451 1067 futurus
1499 1027 1577 1067 est
1614 1021 1677 1067 ad
1741 1052 1742 1062 η

181 1103 347 1144 omne,
373 1139 381 1146 ,
407 1092 612 1148 propter
668 1086 801 1148 quod
866 1090 1060 1132 vivitur.
1160 1086 1430 1134 Inbecillus
1488 1094 1566 1134 est
1625 1095 1677 1134 et
1720 1132 1729 1152 ν,

180 1157 406 1216 ignavus,
445 1157 530 1216 qui
573 1159 779 1216 propter
818 1153 1041 1200 dolorem
1080 1157 1304 1210 moritur,
1348 1154 1549 1213 stultus,
1591 1159 1676 1218 qui
1721 1194 1724 1202 ,

179 1221 362 1268 doloris
387 1237 534 1268 causa
556 1224 692 1267 vivit.

95 1300 155 1347 37
265 1287 367 1338 Sed
390 1292 442 1334 in
467 1288 674 1351 longum
700 1304 837 1334 exeo.
911 1287 1003 1334 Est
1022 1295 1282 1350 praeterea
1306 1293 1529 1347 materia,
1549 1306 1677 1352 quae

180 1356 364 1403 ducere
413 1355 547 1402 diem
590 1359 757 1418 possit.
831 1355 899 1401 Et
939 1355 1190 1417 quomodo
1225 1355 1375 1402 finem
1418 1360 1676 1418 imponere
1723 1362 1732 1372 ’“

179 1427 313 1470 vitae
348 1427 551 1485 poterit,
577 1426 661 1484 qui
698 1422 943 1484 epistulae
977 1438 1077 1468 non
1113 1424 1316 1484 potest?
1386 1423 1509 1470 Vale
1541 1440 1672 1487 ergo.
1732 1478 1735 1483 ‚

181 1489 332 1549 Quod
349 1490 588 1538 libentius
608 1507 757 1553 quam
776 1496 962 1536 mortes
983 1506 1140 1536 meras
1156 1489 1375 1537 lecturus
1394 1507 1460 1538 es.
1523 1491 1672 1539 VALE.
1732 1491 1735 1499 “

866 1783 998 1833 LIX.

527 1921 722 1971 SENECA
760 1923 959 1969 chnAo
996 1939 1080 1969 SVO
1115 1939 1333 1971 SALVTEM

128 2078 150 2125 1
264 2061 503 2124 Magnam
529 2077 591 2107 ex
613 2060 829 2123 epistula
846 2066 935 2107 tua
961 2064 1163 2122 percepi
1185 2061 1493 2123 voluptatem
1516 2079 1526 2118 ;
1563 2079 1673 2125 per·
1727 2066 1729 2109 ζ

176 2133 325 2176 mitte
350 2133 484 2176 enim
511 2128 634 2173 mihi
660 2132 734 2174 uti
759 2128 921 2174 verbis
948 2127 1159 2190 publicis
1184 2144 1280 2174 nec
1308 2129 1393 2174 illa
1424 2130 1488 2175 ad
1522 2134 1673 2192 signi·
1727 2142 1729 2170 2

178 2196 460 2243 ficationem
486 2195 705 2242 Stoicam
730 2211 919 2241 revoca.
996 2195 1187 2241 Vitium
1219 2211 1327 2242 esse
1362 2195 1670 2259 voluptatem

176 2264 437 2311 credimus.
512 2261 589 2309 Sit
613 2278 761 2317 sane3
798 2278 985 2324 ponere
1011 2268 1183 2308 tamen
1206 2261 1343 2308 illam
1370 2263 1585 2310 solemus
1609 2266 1671 2312 ad

323 2381 336 2406 ¹
367 2395 496 2435 quam
516 2380 584 2421 ius
604 2378 817 2433 Madvig;
847 2379 1046 2434 quamius
1064 2393 1094 2433 p
1111 2397 1122 2427 3
1152 2380 1345 2434 quamvis
1366 2380 1532 2422 LVPb.

237 2516 258 2535 a
286 2507 418 2549 Since
433 2508 526 2548 vale
543 2520 696 2547 means
715 2513 744 2530 ‘⁶
761 2507 877 2559 keep
899 2507 996 2547 well
1013 2508 1035 2523 ''
1051 2521 1108 2548 no
1125 2508 1211 2548 less
1226 2508 1337 2549 than
1356 2516 1385 2532 ·‘
1399 2509 1670 2563 good-bye.”

174 2579 269 2620 408
