<?xml version="1.0" encoding="UTF-8"?>
<!DOCTYPE html PUBLIC "-//W3C//DTD XHTML 1.0 Transitional//EN"
    "http://www.w3.org/TR/xhtml1/DTD/xhtml1-transitional.dtd">
<html xmlns="http://www.w3.org/1999/xhtml" xml:lang="en" lang="en">
 <head>
  <title>
</title>
<meta http-equiv="Content-Type" content="text/html;charset=utf-8" />
  <meta name='ocr-system' content='tesseract 3.04.00' />
  <meta name='ocr-capabilities' content='ocr_page ocr_carea ocr_par ocr_line ocrx_word'/>
</head>
<body>
  <div class='ocr_page' id='page_1' title='image "adluciliumepistu01seneuoft_0194.png"; bbox 0 0 1742 2872; ppageno 0'>
   <div class='ocr_carea' id='block_1_1' title="bbox 492 171 1423 221">
    <p class='ocr_par' dir='ltr' id='par_1_1' title="bbox 492 171 1423 221">
     <span class='ocr_line' id='line_1_1' title="bbox 492 171 1423 221; baseline 0.001 -2"><span class='ocrx_word' id='word_1_1' title='bbox 492 171 638 219; x_wconf 94' lang='lat' dir='ltr'>THE</span> <span class='ocrx_word' id='word_1_2' title='bbox 674 171 995 220; x_wconf 89' lang='lat' dir='ltr'>EPISTLES</span> <span class='ocrx_word' id='word_1_3' title='bbox 1033 172 1123 220; x_wconf 93' lang='lat' dir='ltr'>OF</span> <span class='ocrx_word' id='word_1_4' title='bbox 1158 172 1423 221; x_wconf 86' lang='lat' dir='ltr'><strong>SENECA</strong></span> 
     </span>
    </p>
   </div>
   <div class='ocr_carea' id='block_1_2' title="bbox 137 279 1742 2527">
    <p class='ocr_par' dir='ltr' id='par_1_2' title="bbox 143 279 1710 501">
     <span class='ocr_line' id='line_1_2' title="bbox 143 279 1706 345; baseline 0.001 -19"><span class='ocrx_word' id='word_1_5' title='bbox 143 304 167 309; x_wconf 32' lang='lat' dir='ltr'>s</span> <span class='ocrx_word' id='word_1_6' title='bbox 208 279 444 328; x_wconf 89' lang='lat' dir='ltr'>libertate</span> <span class='ocrx_word' id='word_1_7' title='bbox 483 285 717 344; x_wconf 89' lang='lat' dir='ltr'>pugnavi,</span> <span class='ocrx_word' id='word_1_8' title='bbox 752 298 847 328; x_wconf 90' lang='lat' dir='ltr'>nec</span> <span class='ocrx_word' id='word_1_9' title='bbox 889 283 1098 345; x_wconf 87' lang='lat' dir='ltr'>agebam</span> <span class='ocrx_word' id='word_1_10' title='bbox 1142 289 1284 330; x_wconf 87' lang='lat' dir='ltr'>tanta</span> <span class='ocrx_word' id='word_1_11' title='bbox 1325 285 1614 345; x_wconf 83' lang='lat' dir='ltr'>pertinacia,</span> <span class='ocrx_word' id='word_1_12' title='bbox 1652 288 1706 328; x_wconf 89' lang='lat' dir='ltr'>ut</span> 
     </span>
     <span class='ocr_line' id='line_1_3' title="bbox 211 358 1706 422; baseline 0.001 -18"><span class='ocrx_word' id='word_1_13' title='bbox 211 358 352 416; x_wconf 91' lang='lat' dir='ltr'>liber,</span> <span class='ocrx_word' id='word_1_14' title='bbox 377 358 465 406; x_wconf 90' lang='lat' dir='ltr'>sed</span> <span class='ocrx_word' id='word_1_15' title='bbox 502 364 560 405; x_wconf 93' lang='lat' dir='ltr'>ut</span> <span class='ocrx_word' id='word_1_16' title='bbox 593 361 728 406; x_wconf 91' lang='lat' dir='ltr'>inter</span> <span class='ocrx_word' id='word_1_17' title='bbox 763 359 945 407; x_wconf 89' lang='lat' dir='ltr'>liberos</span> <span class='ocrx_word' id='word_1_18' title='bbox 982 364 1213 407; x_wconf 82' lang='lat' dir='ltr'><strong>viverem.</strong></span> <span class='ocrx_word' id='word_1_19' title='bbox 1291 361 1436 406; x_wconf 90' lang='lat' dir='ltr'>Nunc</span> <span class='ocrx_word' id='word_1_20' title='bbox 1472 364 1706 422; x_wconf 90' lang='lat' dir='ltr'>quoniam</span> 
     </span>
     <span class='ocr_line' id='line_1_4' title="bbox 209 436 1710 501; baseline 0 -18"><span class='ocrx_word' id='word_1_21' title='bbox 209 436 499 499; x_wconf 84' lang='lat' dir='ltr'>deploratae</span> <span class='ocrx_word' id='word_1_22' title='bbox 530 444 649 484; x_wconf 91' lang='lat' dir='ltr'>sunt</span> <span class='ocrx_word' id='word_1_23' title='bbox 680 454 759 485; x_wconf 92' lang='lat' dir='ltr'>res</span> <span class='ocrx_word' id='word_1_24' title='bbox 791 442 990 501; x_wconf 89' lang='lat' dir='ltr'>generis</span> <span class='ocrx_word' id='word_1_25' title='bbox 1024 438 1248 496; x_wconf 89' lang='lat' dir='ltr'>humani,</span> <span class='ocrx_word' id='word_1_26' title='bbox 1274 438 1397 484; x_wconf 88' lang='lat' dir='ltr'>Cato</span> <span class='ocrx_word' id='word_1_27' title='bbox 1430 437 1710 484; x_wconf 85' lang='lat' dir='ltr'>deducatur</span> 
     </span>
    </p>

    <p class='ocr_par' dir='ltr' id='par_1_3' title="bbox 158 515 1712 964">
     <span class='ocr_line' id='line_1_5' title="bbox 158 515 1709 577; baseline 0 -17"><span class='ocrx_word' id='word_1_28' title='bbox 158 515 188 561; x_wconf 88' lang='grc'>8</span> <span class='ocrx_word' id='word_1_29' title='bbox 210 517 263 560; x_wconf 92' lang='lat' dir='ltr'>in</span> <span class='ocrx_word' id='word_1_30' title='bbox 311 515 526 561; x_wconf 90' lang='lat' dir='ltr'>tutum.”</span> <span class='ocrx_word' id='word_1_31' title='bbox 625 515 868 577; x_wconf 85' lang='lat' dir='ltr'>Inpressit</span> <span class='ocrx_word' id='word_1_32' title='bbox 915 516 1100 562; x_wconf 92' lang='lat' dir='ltr'>deinde</span> <span class='ocrx_word' id='word_1_33' title='bbox 1155 515 1467 562; x_wconf 89' lang='lat' dir='ltr'>mortiferum</span> <span class='ocrx_word' id='word_1_34' title='bbox 1518 518 1709 577; x_wconf 84' lang='lat' dir='ltr'>corpori</span> 
     </span>
     <span class='ocr_line' id='line_1_6' title="bbox 211 590 1710 655; baseline 0 -18"><span class='ocrx_word' id='word_1_35' title='bbox 211 591 404 638; x_wconf 90' lang='lat' dir='ltr'>vulnus.</span> <span class='ocrx_word' id='word_1_36' title='bbox 468 590 583 649; x_wconf 84' lang='lat' dir='ltr'>Quo</span> <span class='ocrx_word' id='word_1_37' title='bbox 608 593 831 654; x_wconf 89' lang='lat' dir='ltr'>obligato</span> <span class='ocrx_word' id='word_1_38' title='bbox 855 609 885 638; x_wconf 90' lang='lat' dir='ltr'>a</span> <span class='ocrx_word' id='word_1_39' title='bbox 909 592 1116 639; x_wconf 88' lang='lat' dir='ltr'>medicis</span> <span class='ocrx_word' id='word_1_40' title='bbox 1136 609 1249 639; x_wconf 90' lang='lat' dir='ltr'>cum</span> <span class='ocrx_word' id='word_1_41' title='bbox 1274 596 1436 639; x_wconf 90' lang='lat' dir='ltr'>minus</span> <span class='ocrx_word' id='word_1_42' title='bbox 1457 595 1710 655; x_wconf 85' lang='lat' dir='ltr'>sanguinis</span> 
     </span>
     <span class='ocr_line' id='line_1_7' title="bbox 211 668 1709 728; baseline 0.001 -14"><span class='ocrx_word' id='word_1_43' title='bbox 211 668 438 727; x_wconf 90' lang='lat' dir='ltr'>haberet,</span> <span class='ocrx_word' id='word_1_44' title='bbox 464 673 628 716; x_wconf 90' lang='lat' dir='ltr'>minus</span> <span class='ocrx_word' id='word_1_45' title='bbox 664 674 859 728; x_wconf 89' lang='lat' dir='ltr'>virium,</span> <span class='ocrx_word' id='word_1_46' title='bbox 883 674 1038 717; x_wconf 88' lang='lat' dir='ltr'>animi</span> <span class='ocrx_word' id='word_1_47' title='bbox 1069 670 1221 728; x_wconf 90' lang='lat' dir='ltr'>idem,</span> <span class='ocrx_word' id='word_1_48' title='bbox 1246 674 1345 716; x_wconf 89' lang='lat' dir='ltr'>iam</span> <span class='ocrx_word' id='word_1_49' title='bbox 1377 686 1480 716; x_wconf 91' lang='lat' dir='ltr'>non</span> <span class='ocrx_word' id='word_1_50' title='bbox 1511 675 1709 716; x_wconf 90' lang='lat' dir='ltr'>tantum</span> 
     </span>
     <span class='ocr_line' id='line_1_8' title="bbox 213 746 1712 810; baseline 0.001 -18"><span class='ocrx_word' id='word_1_51' title='bbox 213 746 410 792; x_wconf 86' lang='lat' dir='ltr'>Caesari</span> <span class='ocrx_word' id='word_1_52' title='bbox 434 747 524 794; x_wconf 89' lang='lat' dir='ltr'>sed</span> <span class='ocrx_word' id='word_1_53' title='bbox 549 748 642 793; x_wconf 91' lang='lat' dir='ltr'>sibi</span> <span class='ocrx_word' id='word_1_54' title='bbox 666 751 821 795; x_wconf 89' lang='lat' dir='ltr'>iratus</span> <span class='ocrx_word' id='word_1_55' title='bbox 844 747 1005 794; x_wconf 90' lang='lat' dir='ltr'>nudas</span> <span class='ocrx_word' id='word_1_56' title='bbox 1028 751 1082 794; x_wconf 92' lang='lat' dir='ltr'>in</span> <span class='ocrx_word' id='word_1_57' title='bbox 1106 748 1285 794; x_wconf 90' lang='lat' dir='ltr'>vulnus</span> <span class='ocrx_word' id='word_1_58' title='bbox 1318 763 1494 794; x_wconf 88' lang='lat' dir='ltr'>manus</span> <span class='ocrx_word' id='word_1_59' title='bbox 1527 750 1634 810; x_wconf 92' lang='lat' dir='ltr'>egit</span> <span class='ocrx_word' id='word_1_60' title='bbox 1659 752 1712 793; x_wconf 93' lang='lat' dir='ltr'>et</span> 
     </span>
     <span class='ocr_line' id='line_1_9' title="bbox 213 825 1711 888; baseline 0 -18"><span class='ocrx_word' id='word_1_61' title='bbox 213 841 511 888; x_wconf 88' lang='lat' dir='ltr'>generosum</span> <span class='ocrx_word' id='word_1_62' title='bbox 549 825 692 872; x_wconf 91' lang='lat' dir='ltr'>illum</span> <span class='ocrx_word' id='word_1_63' title='bbox 724 832 1227 888; x_wconf 87' lang='lat' dir='ltr'>contemptoremque</span> <span class='ocrx_word' id='word_1_64' title='bbox 1261 829 1422 872; x_wconf 87' lang='lat' dir='ltr'>omnis</span> <span class='ocrx_word' id='word_1_65' title='bbox 1453 827 1711 887; x_wconf 89' lang='lat' dir='ltr'>potentiae</span> 
     </span>
     <span class='ocr_line' id='line_1_10' title="bbox 214 903 1082 964; baseline 0.002 -17"><span class='ocrx_word' id='word_1_66' title='bbox 214 905 444 964; x_wconf 90' lang='lat' dir='ltr'>spiritum</span> <span class='ocrx_word' id='word_1_67' title='bbox 468 918 571 948; x_wconf 92' lang='lat' dir='ltr'>non</span> <span class='ocrx_word' id='word_1_68' title='bbox 595 907 778 960; x_wconf 83' lang='lat' dir='ltr'>emisit,</span> <span class='ocrx_word' id='word_1_69' title='bbox 803 903 891 950; x_wconf 92' lang='lat' dir='ltr'>sed</span> <span class='ocrx_word' id='word_1_70' title='bbox 919 906 1082 950; x_wconf 92' lang='lat' dir='ltr'>eiecit.</span> 
     </span>
    </p>

    <p class='ocr_par' dir='ltr' id='par_1_4' title="bbox 164 980 1742 1742">
     <span class='ocr_line' id='line_1_11' title="bbox 164 980 1720 1044; baseline -0.003 -15"><span class='ocrx_word' id='word_1_71' title='bbox 164 982 192 1029; x_wconf 85' lang='lat'>9</span> <span class='ocrx_word' id='word_1_72' title='bbox 301 980 417 1025; x_wconf 92' lang='lat' dir='ltr'>Non</span> <span class='ocrx_word' id='word_1_73' title='bbox 452 983 505 1026; x_wconf 91' lang='lat' dir='ltr'>in</span> <span class='ocrx_word' id='word_1_74' title='bbox 540 980 635 1026; x_wconf 95' lang='lat' dir='ltr'>hoc</span> <span class='ocrx_word' id='word_1_75' title='bbox 671 980 901 1043; x_wconf 86' lang='lat' dir='ltr'>exempla</span> <span class='ocrx_word' id='word_1_76' title='bbox 935 997 1070 1026; x_wconf 92' lang='lat' dir='ltr'>nunc</span> <span class='ocrx_word' id='word_1_77' title='bbox 1102 996 1336 1044; x_wconf 87' lang='lat' dir='ltr'>congero,</span> <span class='ocrx_word' id='word_1_78' title='bbox 1365 986 1421 1026; x_wconf 87' lang='lat' dir='ltr'>ut</span> <span class='ocrx_word' id='word_1_79' title='bbox 1451 982 1720 1042; x_wconf 20' lang='lat' dir='ltr'>ingenium*</span> 
     </span>
     <span class='ocr_line' id='line_1_12' title="bbox 216 1057 1713 1120; baseline -0.001 -17"><span class='ocrx_word' id='word_1_80' title='bbox 216 1072 494 1115; x_wconf 88' lang='lat' dir='ltr'>exerceam,</span> <span class='ocrx_word' id='word_1_81' title='bbox 521 1058 610 1104; x_wconf 89' lang='lat' dir='ltr'>sed</span> <span class='ocrx_word' id='word_1_82' title='bbox 643 1064 700 1105; x_wconf 86' lang='lat' dir='ltr'>ut</span> <span class='ocrx_word' id='word_1_83' title='bbox 731 1064 784 1105; x_wconf 93' lang='lat' dir='ltr'>te</span> <span class='ocrx_word' id='word_1_84' title='bbox 808 1058 1045 1104; x_wconf 89' lang='lat' dir='ltr'>adversus</span> <span class='ocrx_word' id='word_1_85' title='bbox 1069 1057 1137 1115; x_wconf 90' lang='lat' dir='ltr'>id,</span> <span class='ocrx_word' id='word_1_86' title='bbox 1163 1057 1298 1120; x_wconf 89' lang='lat' dir='ltr'>quod</span> <span class='ocrx_word' id='word_1_87' title='bbox 1322 1059 1538 1103; x_wconf 88' lang='lat' dir='ltr'>maxime</span> <span class='ocrx_word' id='word_1_88' title='bbox 1570 1059 1713 1102; x_wconf 50' lang='lat' dir='ltr'>terri*-</span> 
     </span>
     <span class='ocr_line' id='line_1_13' title="bbox 216 1074 1742 1254; baseline -0.001 -74"><span class='ocrx_word' id='word_1_89' title='bbox 216 1134 317 1181; x_wconf 92' lang='lat' dir='ltr'>bile</span> <span class='ocrx_word' id='word_1_90' title='bbox 359 1134 575 1193; x_wconf 87' lang='lat' dir='ltr'>videtur,</span> <span class='ocrx_word' id='word_1_91' title='bbox 612 1135 861 1183; x_wconf 86' lang='lat' dir='ltr'>exhorter.</span> <span class='ocrx_word' id='word_1_92' title='bbox 935 1136 1149 1182; x_wconf 88' lang='lat' dir='ltr'>Facilius</span> <span class='ocrx_word' id='word_1_93' title='bbox 1189 1142 1361 1182; x_wconf 89' lang='lat' dir='ltr'>autem</span> <span class='ocrx_word' id='word_1_94' title='bbox 1399 1134 1714 1190; x_wconf 86' lang='lat' dir='ltr'>exhortabor,</span> <span class='ocrx_word' id='word_1_95' title='bbox 1723 1074 1742 1254; x_wconf 64' lang='grc' dir='ltr'><strong><em>Δ</em></strong></span> 
     </span>
     <span class='ocr_line' id='line_1_14' title="bbox 217 1212 1731 1260; baseline -0.001 -2"><span class='ocrx_word' id='word_1_96' title='bbox 217 1215 256 1257; x_wconf 90' lang='lat' dir='ltr'>si</span> <span class='ocrx_word' id='word_1_97' title='bbox 282 1212 551 1259; x_wconf 87' lang='lat' dir='ltr'>ostendero</span> <span class='ocrx_word' id='word_1_98' title='bbox 575 1229 677 1259; x_wconf 89' lang='lat' dir='ltr'>non</span> <span class='ocrx_word' id='word_1_99' title='bbox 702 1213 858 1260; x_wconf 89' lang='lat' dir='ltr'>fortes</span> <span class='ocrx_word' id='word_1_100' title='bbox 882 1219 1083 1260; x_wconf 89' lang='lat' dir='ltr'>tantum</span> <span class='ocrx_word' id='word_1_101' title='bbox 1116 1216 1244 1259; x_wconf 90' lang='lat' dir='ltr'>viros</span> <span class='ocrx_word' id='word_1_102' title='bbox 1274 1212 1368 1258; x_wconf 92' lang='lat' dir='ltr'>hoc</span> <span class='ocrx_word' id='word_1_103' title='bbox 1402 1217 1731 1258; x_wconf 81' lang='lat' dir='ltr'>momentum·</span> 
     </span>
     <span class='ocr_line' id='line_1_15' title="bbox 217 1275 1742 1354; baseline -0.001 -19"><span class='ocrx_word' id='word_1_104' title='bbox 217 1289 457 1337; x_wconf 88' lang='lat' dir='ltr'>efflandae</span> <span class='ocrx_word' id='word_1_105' title='bbox 492 1294 689 1338; x_wconf 90' lang='lat' dir='ltr'>animae</span> <span class='ocrx_word' id='word_1_106' title='bbox 726 1295 1104 1353; x_wconf 86' lang='lat' dir='ltr'>contempsisse,</span> <span class='ocrx_word' id='word_1_107' title='bbox 1129 1290 1218 1337; x_wconf 91' lang='lat' dir='ltr'>sed</span> <span class='ocrx_word' id='word_1_108' title='bbox 1251 1289 1493 1354; x_wconf 89' lang='lat' dir='ltr'>quosdam</span> <span class='ocrx_word' id='word_1_109' title='bbox 1524 1289 1587 1336; x_wconf 86' lang='lat' dir='ltr'>ad</span> <span class='ocrx_word' id='word_1_110' title='bbox 1619 1275 1742 1335; x_wconf 51' lang='lat' dir='ltr'>alia&#39;.</span> 
     </span>
     <span class='ocr_line' id='line_1_16' title="bbox 216 1367 1714 1431; baseline -0.001 -18"><span class='ocrx_word' id='word_1_111' title='bbox 216 1371 422 1430; x_wconf 87' lang='lat' dir='ltr'>ignavos</span> <span class='ocrx_word' id='word_1_112' title='bbox 458 1371 510 1414; x_wconf 91' lang='lat' dir='ltr'>in</span> <span class='ocrx_word' id='word_1_113' title='bbox 551 1367 644 1414; x_wconf 91' lang='lat' dir='ltr'>hac</span> <span class='ocrx_word' id='word_1_114' title='bbox 682 1385 735 1414; x_wconf 91' lang='lat' dir='ltr'>re</span> <span class='ocrx_word' id='word_1_115' title='bbox 777 1384 1017 1431; x_wconf 87' lang='lat' dir='ltr'>aequasse</span> <span class='ocrx_word' id='word_1_116' title='bbox 1057 1371 1280 1414; x_wconf 90' lang='lat' dir='ltr'>animum</span> <span class='ocrx_word' id='word_1_117' title='bbox 1318 1367 1714 1424; x_wconf 88' lang='lat' dir='ltr'>fortissimorum,</span> 
     </span>
     <span class='ocr_line' id='line_1_17' title="bbox 216 1445 1714 1509; baseline -0.001 -18"><span class='ocrx_word' id='word_1_118' title='bbox 216 1448 347 1492; x_wconf 88' lang='lat' dir='ltr'>sicut</span> <span class='ocrx_word' id='word_1_119' title='bbox 377 1445 520 1492; x_wconf 92' lang='lat' dir='ltr'>illum</span> <span class='ocrx_word' id='word_1_120' title='bbox 554 1446 640 1493; x_wconf 90' lang='lat' dir='ltr'>Cn.</span> <span class='ocrx_word' id='word_1_121' title='bbox 673 1446 879 1509; x_wconf 89' lang='lat' dir='ltr'>Pompei</span> <span class='ocrx_word' id='word_1_122' title='bbox 910 1463 1135 1493; x_wconf 90' lang='lat' dir='ltr'>socerum</span> <span class='ocrx_word' id='word_1_123' title='bbox 1161 1445 1464 1509; x_wconf 90' lang='lat' dir='ltr'>Scipionem,</span> <span class='ocrx_word' id='word_1_124' title='bbox 1489 1448 1574 1509; x_wconf 93' lang='lat' dir='ltr'>qui</span> <span class='ocrx_word' id='word_1_125' title='bbox 1598 1460 1714 1490; x_wconf 90' lang='lat' dir='ltr'>con-</span> 
     </span>
     <span class='ocr_line' id='line_1_18' title="bbox 216 1523 1715 1571; baseline -0.001 -1"><span class='ocrx_word' id='word_1_126' title='bbox 216 1526 368 1570; x_wconf 89' lang='lat' dir='ltr'>trario</span> <span class='ocrx_word' id='word_1_127' title='bbox 404 1526 457 1569; x_wconf 91' lang='lat' dir='ltr'>in</span> <span class='ocrx_word' id='word_1_128' title='bbox 497 1523 715 1570; x_wconf 87' lang='lat' dir='ltr'>Africam</span> <span class='ocrx_word' id='word_1_129' title='bbox 753 1530 905 1571; x_wconf 92' lang='lat' dir='ltr'>vento</span> <span class='ocrx_word' id='word_1_130' title='bbox 946 1523 1133 1571; x_wconf 90' lang='lat' dir='ltr'>relatus</span> <span class='ocrx_word' id='word_1_131' title='bbox 1175 1540 1289 1570; x_wconf 92' lang='lat' dir='ltr'>cum</span> <span class='ocrx_word' id='word_1_132' title='bbox 1331 1525 1496 1570; x_wconf 88' lang='lat' dir='ltr'>teneri</span> <span class='ocrx_word' id='word_1_133' title='bbox 1536 1538 1715 1569; x_wconf 92' lang='lat' dir='ltr'>navem</span> 
     </span>
     <span class='ocr_line' id='line_1_19' title="bbox 217 1601 1716 1660; baseline -0.001 -13"><span class='ocrx_word' id='word_1_134' title='bbox 217 1617 356 1647; x_wconf 92' lang='lat' dir='ltr'>suam</span> <span class='ocrx_word' id='word_1_135' title='bbox 400 1601 604 1649; x_wconf 88' lang='lat' dir='ltr'>vidisset</span> <span class='ocrx_word' id='word_1_136' title='bbox 644 1603 709 1649; x_wconf 93' lang='lat' dir='ltr'>ab</span> <span class='ocrx_word' id='word_1_137' title='bbox 750 1601 994 1660; x_wconf 89' lang='lat' dir='ltr'>hostibus,</span> <span class='ocrx_word' id='word_1_138' title='bbox 1031 1601 1164 1649; x_wconf 87' lang='lat' dir='ltr'>ferro</span> <span class='ocrx_word' id='word_1_139' title='bbox 1205 1618 1258 1648; x_wconf 92' lang='lat' dir='ltr'>se</span> <span class='ocrx_word' id='word_1_140' title='bbox 1297 1601 1716 1648; x_wconf 88' lang='lat' dir='ltr'>transverberavit</span> 
     </span>
     <span class='ocr_line' id='line_1_20' title="bbox 218 1677 1712 1742; baseline -0.001 -17"><span class='ocrx_word' id='word_1_141' title='bbox 218 1684 271 1725; x_wconf 90' lang='lat' dir='ltr'>et</span> <span class='ocrx_word' id='word_1_142' title='bbox 307 1680 681 1742; x_wconf 87' lang='lat' dir='ltr'>quaerentibus,</span> <span class='ocrx_word' id='word_1_143' title='bbox 717 1680 803 1726; x_wconf 91' lang='lat' dir='ltr'>ubi</span> <span class='ocrx_word' id='word_1_144' title='bbox 844 1684 1117 1742; x_wconf 84' lang='lat' dir='ltr'>imperator</span> <span class='ocrx_word' id='word_1_145' title='bbox 1153 1686 1303 1737; x_wconf 91' lang='lat' dir='ltr'>esset,</span> <span class='ocrx_word' id='word_1_146' title='bbox 1340 1677 1712 1741; x_wconf 86' lang='lat' dir='ltr'>“Imperator,’&#39;</span> 
     </span>
    </p>

    <p class='ocr_par' dir='ltr' id='par_1_5' title="bbox 137 1757 1742 2132">
     <span class='ocr_line' id='line_1_21' title="bbox 137 1757 1717 1820; baseline -0.001 -16"><span class='ocrx_word' id='word_1_147' title='bbox 137 1757 197 1804; x_wconf 91' lang='grc'>10</span> <span class='ocrx_word' id='word_1_148' title='bbox 217 1759 399 1820; x_wconf 92' lang='lat' dir='ltr'>inquit,</span> <span class='ocrx_word' id='word_1_149' title='bbox 442 1762 541 1804; x_wconf 84' lang='lat' dir='ltr'>“se</span> <span class='ocrx_word' id='word_1_150' title='bbox 583 1758 716 1804; x_wconf 89' lang='lat' dir='ltr'>bene</span> <span class='ocrx_word' id='word_1_151' title='bbox 756 1758 958 1805; x_wconf 85' lang='lat' dir='ltr'>habet.&#39;’</span> <span class='ocrx_word' id='word_1_152' title='bbox 1046 1757 1155 1804; x_wconf 87' lang='lat' dir='ltr'>Vox</span> <span class='ocrx_word' id='word_1_153' title='bbox 1198 1757 1322 1804; x_wconf 91' lang='lat' dir='ltr'>haec</span> <span class='ocrx_word' id='word_1_154' title='bbox 1362 1757 1503 1803; x_wconf 93' lang='lat' dir='ltr'>illum</span> <span class='ocrx_word' id='word_1_155' title='bbox 1546 1771 1717 1819; x_wconf 90' lang='lat' dir='ltr'>parem</span> 
     </span>
     <span class='ocr_line' id='line_1_22' title="bbox 218 1821 1742 1898; baseline 0.001 -19"><span class='ocrx_word' id='word_1_156' title='bbox 218 1835 485 1881; x_wconf 88' lang='lat' dir='ltr'>maioribus</span> <span class='ocrx_word' id='word_1_157' title='bbox 536 1835 659 1883; x_wconf 89' lang='lat' dir='ltr'>fecit</span> <span class='ocrx_word' id='word_1_158' title='bbox 710 1842 764 1882; x_wconf 92' lang='lat' dir='ltr'>et</span> <span class='ocrx_word' id='word_1_159' title='bbox 815 1835 1019 1882; x_wconf 87' lang='lat' dir='ltr'>fatalem</span> <span class='ocrx_word' id='word_1_160' title='bbox 1073 1835 1387 1898; x_wconf 87' lang='lat' dir='ltr'>Scipionibus</span> <span class='ocrx_word' id='word_1_161' title='bbox 1442 1838 1494 1880; x_wconf 92' lang='lat' dir='ltr'>in</span> <span class='ocrx_word' id='word_1_162' title='bbox 1547 1833 1686 1880; x_wconf 89' lang='lat' dir='ltr'>Afric</span> <span class='ocrx_word' id='word_1_163' title='bbox 1738 1821 1742 1881; x_wconf 62' lang='lat'>¹}</span> 
     </span>
     <span class='ocr_line' id='line_1_23' title="bbox 219 1903 1742 1976; baseline 0.003 -19"><span class='ocrx_word' id='word_1_164' title='bbox 219 1911 428 1973; x_wconf 84' lang='lat' dir='ltr'>gloriam</span> <span class='ocrx_word' id='word_1_165' title='bbox 475 1930 577 1959; x_wconf 92' lang='lat' dir='ltr'>non</span> <span class='ocrx_word' id='word_1_166' title='bbox 624 1920 702 1960; x_wconf 90' lang='lat' dir='ltr'>est</span> <span class='ocrx_word' id='word_1_167' title='bbox 748 1917 1047 1976; x_wconf 88' lang='lat' dir='ltr'>interrumpi</span> <span class='ocrx_word' id='word_1_168' title='bbox 1100 1930 1255 1976; x_wconf 89' lang='lat' dir='ltr'>passa.</span> <span class='ocrx_word' id='word_1_169' title='bbox 1352 1912 1574 1959; x_wconf 90' lang='lat' dir='ltr'>Multum</span> <span class='ocrx_word' id='word_1_170' title='bbox 1620 1911 1690 1958; x_wconf 91' lang='lat' dir='ltr'>fui</span> <span class='ocrx_word' id='word_1_171' title='bbox 1736 1903 1742 1962; x_wconf 65' lang='lat' dir='ltr'>l</span> 
     </span>
     <span class='ocr_line' id='line_1_24' title="bbox 221 1988 1742 2054; baseline 0 -19"><span class='ocrx_word' id='word_1_172' title='bbox 221 1990 577 2053; x_wconf 85' lang='lat' dir='ltr'>Carthaginem</span> <span class='ocrx_word' id='word_1_173' title='bbox 619 1995 835 2049; x_wconf 90' lang='lat' dir='ltr'>vincere,</span> <span class='ocrx_word' id='word_1_174' title='bbox 877 1991 967 2038; x_wconf 90' lang='lat' dir='ltr'>sed</span> <span class='ocrx_word' id='word_1_175' title='bbox 1007 1991 1219 2053; x_wconf 89' lang='lat' dir='ltr'>amplius</span> <span class='ocrx_word' id='word_1_176' title='bbox 1260 1997 1489 2037; x_wconf 91' lang='lat' dir='ltr'>mortem.</span> <span class='ocrx_word' id='word_1_177' title='bbox 1570 1994 1599 2016; x_wconf 74' lang='lat'>‘⁶</span> <span class='ocrx_word' id='word_1_178' title='bbox 1617 1988 1693 2035; x_wconf 90' lang='lat' dir='ltr'>Im</span> <span class='ocrx_word' id='word_1_179' title='bbox 1733 1988 1742 2054; x_wconf 55' lang='grc' dir='ltr'>ξ</span> 
     </span>
     <span class='ocr_line' id='line_1_25' title="bbox 220 2068 1742 2132; baseline 0.001 -19"><span class='ocrx_word' id='word_1_180' title='bbox 220 2068 466 2130; x_wconf 88' lang='lat' dir='ltr'>perator,”</span> <span class='ocrx_word' id='word_1_181' title='bbox 488 2072 670 2132; x_wconf 92' lang='lat' dir='ltr'>inquit,</span> <span class='ocrx_word' id='word_1_182' title='bbox 687 2075 718 2096; x_wconf 88' lang='lat'><em>“</em></span> <span class='ocrx_word' id='word_1_183' title='bbox 734 2086 786 2116; x_wconf 91' lang='lat' dir='ltr'>se</span> <span class='ocrx_word' id='word_1_184' title='bbox 805 2071 937 2117; x_wconf 88' lang='lat' dir='ltr'>bene</span> <span class='ocrx_word' id='word_1_185' title='bbox 958 2069 1161 2116; x_wconf 90' lang='lat' dir='ltr'>habet.’&#39;</span> <span class='ocrx_word' id='word_1_186' title='bbox 1235 2070 1317 2116; x_wconf 92' lang='lat' dir='ltr'>An</span> <span class='ocrx_word' id='word_1_187' title='bbox 1333 2069 1479 2116; x_wconf 89' lang='lat' dir='ltr'>aliter</span> <span class='ocrx_word' id='word_1_188' title='bbox 1497 2068 1692 2115; x_wconf 86' lang='lat' dir='ltr'>debeba</span> <span class='ocrx_word' id='word_1_189' title='bbox 1733 2073 1742 2132; x_wconf 71' lang='lat' dir='ltr'>l</span> 
     </span>
    </p>

    <p class='ocr_par' dir='ltr' id='par_1_6' title="bbox 138 2142 1742 2418">
     <span class='ocr_line' id='line_1_26' title="bbox 138 2142 1742 2210; baseline 0.004 -21"><span class='ocrx_word' id='word_1_190' title='bbox 138 2142 195 2189; x_wconf 94' lang='grc'>11</span> <span class='ocrx_word' id='word_1_191' title='bbox 221 2148 506 2208; x_wconf 84' lang='lat' dir='ltr'>imperator,</span> <span class='ocrx_word' id='word_1_192' title='bbox 532 2152 586 2193; x_wconf 92' lang='lat' dir='ltr'>et</span> <span class='ocrx_word' id='word_1_193' title='bbox 609 2147 815 2210; x_wconf 91' lang='lat' dir='ltr'>quidem</span> <span class='ocrx_word' id='word_1_194' title='bbox 841 2147 1060 2205; x_wconf 87' lang='lat' dir='ltr'>Catonis,</span> <span class='ocrx_word' id='word_1_195' title='bbox 1085 2147 1244 2193; x_wconf 88' lang='lat' dir='ltr'>mori?</span> <span class='ocrx_word' id='word_1_196' title='bbox 1316 2147 1429 2193; x_wconf 91' lang='lat' dir='ltr'>Non</span> <span class='ocrx_word' id='word_1_197' title='bbox 1462 2162 1639 2192; x_wconf 91' lang='lat' dir='ltr'>revoco</span> <span class='ocrx_word' id='word_1_198' title='bbox 1663 2151 1685 2191; x_wconf 94' lang='lat' dir='ltr'>t</span> <span class='ocrx_word' id='word_1_199' title='bbox 1732 2156 1742 2195; x_wconf 79' lang='grc'>1</span> 
     </span>
     <span class='ocr_line' id='line_1_27' title="bbox 220 2221 1742 2287; baseline 0.001 -19"><span class='ocrx_word' id='word_1_200' title='bbox 220 2223 284 2269; x_wconf 94' lang='lat' dir='ltr'>ad</span> <span class='ocrx_word' id='word_1_201' title='bbox 323 2222 551 2271; x_wconf 90' lang='lat' dir='ltr'>historias</span> <span class='ocrx_word' id='word_1_202' title='bbox 587 2240 683 2271; x_wconf 91' lang='lat' dir='ltr'>nec</span> <span class='ocrx_word' id='word_1_203' title='bbox 719 2241 782 2271; x_wconf 90' lang='lat' dir='ltr'>ex</span> <span class='ocrx_word' id='word_1_204' title='bbox 822 2225 1052 2271; x_wconf 90' lang='lat' dir='ltr'>omnibus</span> <span class='ocrx_word' id='word_1_205' title='bbox 1095 2224 1303 2271; x_wconf 91' lang='lat' dir='ltr'>saeculis</span> <span class='ocrx_word' id='word_1_206' title='bbox 1344 2229 1691 2287; x_wconf 89' lang='lat' dir='ltr'>contemptore</span> <span class='ocrx_word' id='word_1_207' title='bbox 1730 2221 1742 2278; x_wconf 61' lang='lat' dir='ltr'>i</span> 
     </span>
     <span class='ocr_line' id='line_1_28' title="bbox 287 2283 1742 2418; baseline -0.001 -11"><span class='ocrx_word' id='word_1_208' title='bbox 287 2373 308 2392; x_wconf 74' lang='lat'>‘¹</span> <span class='ocrx_word' id='word_1_209' title='bbox 336 2365 484 2418; x_wconf 89' lang='lat' dir='ltr'>Scipio</span> <span class='ocrx_word' id='word_1_210' title='bbox 504 2365 743 2407; x_wconf 86' lang='lat' dir='ltr'>Africanus</span> <span class='ocrx_word' id='word_1_211' title='bbox 763 2366 974 2408; x_wconf 84' lang='lat' dir='ltr'>defeated</span> <span class='ocrx_word' id='word_1_212' title='bbox 993 2366 1224 2408; x_wconf 89' lang='lat' dir='ltr'>Hannibal</span> <span class='ocrx_word' id='word_1_213' title='bbox 1242 2370 1291 2407; x_wconf 90' lang='lat' dir='ltr'>at</span> <span class='ocrx_word' id='word_1_214' title='bbox 1310 2366 1447 2407; x_wconf 90' lang='lat' dir='ltr'>Zama</span> <span class='ocrx_word' id='word_1_215' title='bbox 1464 2367 1508 2406; x_wconf 93' lang='lat' dir='ltr'>in</span> <span class='ocrx_word' id='word_1_216' title='bbox 1530 2368 1609 2406; x_wconf 70' lang='lat'>202</span> <span class='ocrx_word' id='word_1_217' title='bbox 1629 2379 1668 2406; x_wconf 84' lang='lat' dir='ltr'>B.</span> <span class='ocrx_word' id='word_1_218' title='bbox 1727 2283 1742 2371; x_wconf 48' lang='grc' dir='ltr'>,ἱ</span> 
     </span>
    </p>

    <p class='ocr_par' dir='ltr' id='par_1_7' title="bbox 221 2418 1667 2473">
     <span class='ocr_line' id='line_1_29' title="bbox 221 2418 1667 2473; baseline -0.001 -12"><span class='ocrx_word' id='word_1_219' title='bbox 221 2418 370 2473; x_wconf 88' lang='lat' dir='ltr'>Scipio</span> <span class='ocrx_word' id='word_1_220' title='bbox 396 2419 688 2468; x_wconf 88' lang='lat' dir='ltr'>Aemilianus,</span> <span class='ocrx_word' id='word_1_221' title='bbox 708 2420 803 2461; x_wconf 85' lang='lat' dir='ltr'>also</span> <span class='ocrx_word' id='word_1_222' title='bbox 832 2421 1072 2462; x_wconf 89' lang='lat' dir='ltr'>surnamed</span> <span class='ocrx_word' id='word_1_223' title='bbox 1100 2420 1355 2467; x_wconf 86' lang='lat' dir='ltr'>Africanus,</span> <span class='ocrx_word' id='word_1_224' title='bbox 1377 2432 1468 2460; x_wconf 91' lang='lat' dir='ltr'>was</span> <span class='ocrx_word' id='word_1_225' title='bbox 1496 2420 1559 2473; x_wconf 87' lang='lat' dir='ltr'>by</span> <span class='ocrx_word' id='word_1_226' title='bbox 1581 2419 1667 2460; x_wconf 89' lang='lat' dir='ltr'>ado</span> 
     </span>
    </p>

    <p class='ocr_par' dir='ltr' id='par_1_8' title="bbox 220 2473 1717 2527">
     <span class='ocr_line' id='line_1_30' title="bbox 220 2473 1717 2527; baseline -0.001 -13"><span class='ocrx_word' id='word_1_227' title='bbox 220 2475 315 2514; x_wconf 92' lang='lat' dir='ltr'>tion</span> <span class='ocrx_word' id='word_1_228' title='bbox 346 2473 424 2514; x_wconf 89' lang='lat' dir='ltr'>the</span> <span class='ocrx_word' id='word_1_229' title='bbox 450 2474 676 2527; x_wconf 89' lang='lat' dir='ltr'>grandson</span> <span class='ocrx_word' id='word_1_230' title='bbox 705 2475 757 2515; x_wconf 85' lang='lat' dir='ltr'>of</span> <span class='ocrx_word' id='word_1_231' title='bbox 782 2474 1048 2516; x_wconf 87' lang='lat' dir='ltr'>Hannibal&#39;s</span> <span class='ocrx_word' id='word_1_232' title='bbox 1077 2488 1334 2527; x_wconf 87' lang='lat' dir='ltr'>conqueror.</span> <span class='ocrx_word' id='word_1_233' title='bbox 1398 2473 1472 2515; x_wconf 89' lang='lat' dir='ltr'>He</span> <span class='ocrx_word' id='word_1_234' title='bbox 1500 2476 1658 2526; x_wconf 89' lang='lat' dir='ltr'>captur</span> <span class='ocrx_word' id='word_1_235' title='bbox 1716 2498 1717 2503; x_wconf 62' lang='lat'>=</span> 
     </span>
    </p>
   </div>
   <div class='ocr_carea' id='block_1_3' title="bbox 222 2526 1686 2636">
    <p class='ocr_par' dir='ltr' id='par_1_9' title="bbox 222 2526 1686 2636">
     <span class='ocr_line' id='line_1_31' title="bbox 222 2526 1686 2580; baseline -0.001 -11"><span class='ocrx_word' id='word_1_236' title='bbox 222 2527 447 2580; x_wconf 84' lang='lat' dir='ltr'>Carthage</span> <span class='ocrx_word' id='word_1_237' title='bbox 483 2530 528 2568; x_wconf 94' lang='lat' dir='ltr'>in</span> <span class='ocrx_word' id='word_1_238' title='bbox 566 2528 643 2569; x_wconf 88' lang='lat' dir='ltr'>the</span> <span class='ocrx_word' id='word_1_239' title='bbox 677 2528 814 2569; x_wconf 88' lang='lat' dir='ltr'>Third</span> <span class='ocrx_word' id='word_1_240' title='bbox 849 2528 989 2569; x_wconf 91' lang='lat' dir='ltr'>Punic</span> <span class='ocrx_word' id='word_1_241' title='bbox 1023 2528 1145 2576; x_wconf 89' lang='lat' dir='ltr'>War,</span> <span class='ocrx_word' id='word_1_242' title='bbox 1180 2531 1255 2570; x_wconf 73' lang='lat'>146</span> <span class='ocrx_word' id='word_1_243' title='bbox 1291 2541 1382 2569; x_wconf 83' lang='lat' dir='ltr'>13.c.·</span> <span class='ocrx_word' id='word_1_244' title='bbox 1435 2527 1530 2568; x_wconf 91' lang='lat' dir='ltr'>The</span> <span class='ocrx_word' id='word_1_245' title='bbox 1568 2526 1686 2580; x_wconf 87' lang='lat' dir='ltr'>Scipi</span> 
     </span>
     <span class='ocr_line' id='line_1_32' title="bbox 222 2582 1115 2636; baseline 0.003 -14"><span class='ocrx_word' id='word_1_246' title='bbox 222 2582 481 2623; x_wconf 84' lang='lat' dir='ltr'>mentioned</span> <span class='ocrx_word' id='word_1_247' title='bbox 499 2582 562 2636; x_wconf 91' lang='lat' dir='ltr'>by</span> <span class='ocrx_word' id='word_1_248' title='bbox 581 2582 754 2624; x_wconf 90' lang='lat' dir='ltr'>Seneca</span> <span class='ocrx_word' id='word_1_249' title='bbox 773 2582 876 2624; x_wconf 89' lang='lat' dir='ltr'>died</span> <span class='ocrx_word' id='word_1_250' title='bbox 895 2584 940 2623; x_wconf 92' lang='lat' dir='ltr'>in</span> <span class='ocrx_word' id='word_1_251' title='bbox 961 2586 1012 2624; x_wconf 79' lang='lat'>46</span> <span class='ocrx_word' id='word_1_252' title='bbox 1033 2596 1115 2626; x_wconf 67' lang='lat' dir='ltr'>Re.</span> 
     </span>
    </p>
   </div>
   <div class='ocr_carea' id='block_1_4' title="bbox 228 2651 321 2698">
    <p class='ocr_par' dir='ltr' id='par_1_10' title="bbox 228 2651 321 2698">
     <span class='ocr_line' id='line_1_33' title="bbox 228 2651 321 2698; baseline 0.022 -4"><span class='ocrx_word' id='word_1_253' title='bbox 228 2651 321 2698; x_wconf 87' lang='lat'>170</span> 
     </span>
    </p>
   </div>
   <div class='ocr_carea' id='block_1_5' title="bbox 1036 2316 1727 2343">
    <p class='ocr_par' dir='ltr' id='par_1_11' title="bbox 1036 2316 1727 2343">
     <span class='ocr_line' id='line_1_34' title="bbox 1036 2316 1727 2343; baseline 0 529"><span class='ocrx_word' id='word_1_254' title='bbox 1036 2316 1727 2343; x_wconf 95' lang='lat' dir='ltr'> </span> 
     </span>
    </p>
   </div>
  </div>
 </body>
</html>
