1742 2872
528 154 675 201 THE
711 154 1031 202 EPISTLES
1068 156 1158 203 OF
1194 131 1475 203 SENECA'

897 350 1086 397 XXXI.

580 477 773 527 SENECA
812 479 1014 526 ch1mo
1050 496 1134 526 svo
1170 494 1387 526 SALVTEM

187 602 210 651 1
323 609 556 670 Agnosco
600 607 848 654 Lucilium
881 624 1081 663 meum;
1134 611 1328 670 incipit,
1364 624 1514 670 quem
1555 612 1736 671 promi-

237 681 384 732 serat,
410 675 662 722 exhibere.
736 674 957 738 Sequere
990 675 1132 721 illum
1164 679 1411 738 impetum
1443 679 1613 734 animi,
1637 693 1737 739 quo

236 741 299 788 ad
336 746 525 804 optima
566 758 795 805 quaeque
839 742 1040 788 calcatis
1081 743 1401 805 popularibus
1436 743 1579 789 bonis
1614 744 1733 790 ibas.

238 809 353 855 Non
395 809 626 856 desidero
668 813 906 856 maiorem
946 809 1306 872 melioremque
1347 816 1401 856 tc
1442 810 1547 857 fieri
1585 827 1736 874 quam

235 876 530 923 moliebaris.
606 876 956 923 Fundamenta
979 883 1067 923 tua
1094 877 1309 923 multum
1343 877 1437 923 loci
1463 894 1728 940 occupave-

234 949 383 1000 runt;
418 949 618 991 tantum
643 944 798 1001 effice,
823 950 1069 1007 quantum
1093 951 1301 991 conatus
1326 960 1396 1002 es,
1421 951 1475 991 et
1498 944 1584 991 illa
1607 961 1736 1007 quae

183 1009 211 1054 2
235 1016 405 1057 tecum
429 1014 481 1057 in
505 1015 673 1058 animo
700 1011 878 1069 tulisti,
903 1017 1075 1058 tracta.
1153 1011 1234 1058 Ad
1269 1028 1513 1058 summam
1538 1016 1735 1074 sapiens

235 1081 347 1136 eris,
366 1082 406 1124 si
431 1078 634 1125 cluseris
658 1094 817 1137 aures,
836 1079 1016 1142 quibus
1041 1095 1205 1125 ceram
1229 1095 1403 1141 parum
1423 1085 1501 1125 est
1519 1079 1704 1126 obdere
1723 1095 1735 1135 ;

234 1145 448 1192 firmiore
486 1149 817 1208 spissamento
859 1162 982 1208 opus
1024 1151 1103 1193 cst
1139 1162 1288 1209 quam
1324 1149 1376 1192 in
1413 1149 1554 1193 sociis
1591 1163 1734 1193 usum

234 1212 431 1259 Vlixem
454 1212 636 1259 ferunt.
713 1213 804 1259 Illa
822 1230 933 1271 vox,
952 1229 1081 1276 quae
1100 1213 1388 1270 timebatur,
1409 1219 1516 1260 erat
1534 1213 1735 1271 blanda,

231 1296 334 1326 non
370 1286 542 1326 tamen
578 1280 792 1342 publica,
828 1287 881 1327 at
918 1280 1058 1339 haec,
1089 1296 1218 1344 quae
1254 1280 1480 1327 timenda
1515 1287 1608 1338 est,
1633 1297 1734 1327 non

233 1363 296 1394 ex
321 1364 420 1393 uno
446 1347 665 1410 scopulo,
691 1347 780 1394 sed
814 1364 876 1394 ex
909 1351 1045 1394 omni
1078 1354 1323 1394 terrarum
1359 1354 1500 1410 parte
1526 1351 1742 1410 circum-¹

232 1421 389 1462 sonat.
483 1415 873 1462 Praetervehere
914 1419 1085 1478 itaque
1122 1431 1224 1461 non
1266 1431 1420 1462 unum
1459 1415 1624 1462 locum
1658 1418 1733 1461 in-

232 1481 413 1529 sidiosa
427 1482 686 1544 voluptate
703 1488 1008 1545 suspectum,
1023 1482 1112 1529 sed
1127 1498 1301 1529 omnes
1315 1483 1476 1530 urbes.
1516 1481 1680 1529 Surdu

234 1555 287 1596 te
341 1553 693 1596 amantissimis
748 1553 848 1596 tuis
903 1556 1130 1612 praesta;
1195 1550 1328 1596 bono
1381 1553 1548 1596 animo
1602 1549 1701 1596 mal

235 1623 515 1679 precantur.
589 1618 657 1663 Et
681 1621 721 1664 si
748 1633 854 1663 esse
880 1621 951 1663 vis
976 1617 1114 1675 felix,
1138 1616 1260 1664 deos
1283 1633 1383 1675 ora,
1402 1633 1468 1663 ne
1492 1616 1614 1680 quid
1639 1617 1714 1663 tib

182 1683 210 1729 3
234 1700 296 1730 ex
320 1683 413 1741 his,
438 1695 566 1747 quae
599 1691 854 1747 optantur,
887 1688 1099 1731 eveniat.
1175 1685 1289 1731 Non
1321 1690 1439 1731 sunt
1467 1687 1563 1731 ista
1585 1685 1716 1731 bona

233 1767 361 1815 quae
403 1755 454 1797 in
495 1759 549 1798 te
591 1755 673 1799 isti
715 1751 892 1799 volunt
932 1755 1164 1814 congeri3
1212 1768 1368 1798 unum
1408 1752 1596 1798 bonum
1638 1758 1716 1799 est

233 1819 367 1882 quod
410 1819 590 1866 beatae
632 1823 765 1866 vitae
807 1836 953 1866 causa
994 1825 1047 1866 et
1088 1819 1457 1867 firmamentum
1504 1825 1598 1877 est,
1639 1819 1732 1866 sibi

233 1885 399 1933 fidere.
478 1887 590 1933 Hoc
621 1893 791 1933 autem
829 1890 1122 1949 contingere
1152 1903 1254 1933 non
1287 1892 1471 1948 potest,
1494 1890 1590 1932 nisi
1614 1903 1732 1932 con-

232 1959 458 2016 temptus
484 1961 561 2001 est
593 1954 732 2000 labor
764 1960 816 2000 et
848 1957 900 1999 in
933 1970 1105 2001 eorum
1129 1970 1338 2000 numero
1362 1953 1578 2011 habitus,
1603 1969 1742 2016 quaet

233 2037 398 2084 neque
424 2022 555 2068 bona
579 2028 695 2068 sunt
719 2038 886 2084 neque
911 2021 1052 2067 mala.
1108 2021 1237 2068 Fieri
1262 2024 1395 2068 enim
1420 2037 1521 2067 non
1546 2026 1715 2083 potest

233 2094 291 2134 ut
328 2105 428 2135 una
468 2089 571 2135 ulla
611 2105 688 2135 res
727 2088 876 2135 modo
916 2088 1046 2134 mala
1086 2091 1166 2146 sit,
1205 2088 1353 2134 modo
1397 2088 1540 2145 bona,
1581 2088 1699 2134 mod
1741 2143 1742 2146 Ἰ

182 2151 211 2198 4
233 2155 355 2202 levis
407 2162 460 2203 et
515 2155 830 2218 perferenda,
877 2155 1026 2201 modo
1084 2155 1471 2218 expavescenda.
1570 2154 1706 2201 Labo

234 2223 419 2269 bonum
455 2239 558 2269 non
599 2230 689 2270 est.
764 2222 900 2281 Quid
943 2239 1062 2285 ergo
1098 2228 1175 2270 est
1217 2223 1438 2269 bonum?
1528 2222 1706 2268 Labori

301 2348 319 2366 α
348 2340 443 2381 The
467 2344 705 2394 argument
729 2343 767 2382 is
796 2341 896 2382 that
914 2340 1036 2382 work
1057 2342 1094 2381 is
1121 2343 1215 2386 not,
1237 2342 1283 2381 in
1310 2339 1446 2387 itseff,
1467 2353 1496 2381 a
1520 2339 1666 2392 good3
1695 2340 1709 2380 i

232 2396 268 2436 it
288 2408 417 2441 were,
439 2396 475 2436 it
494 2395 640 2436 would
670 2398 749 2436 not
776 2395 832 2436 be
852 2395 1171 2448 praiseworthy
1190 2398 1239 2435 at
1257 2408 1343 2435 one
1361 2396 1470 2435 time
1488 2393 1579 2434 and
1606 2397 1653 2433 to

233 2448 502 2502 deprecated
535 2453 582 2490 at
614 2449 816 2490 another.
880 2449 923 2490 It
952 2449 1152 2501 belongs,
1173 2448 1413 2495 therefore,
1435 2451 1482 2488 to
1510 2447 1588 2488 the
1617 2447 1708 2488 clas

233 2503 284 2543 of
309 2503 438 2556 thing
469 2503 612 2544 which
645 2503 723 2544 the
751 2502 896 2544 Stoics
925 2503 1067 2543 called
1096 2505 1311 2554 ἀδιάφορα,
1333 2501 1640 2556 indifferentia,
1664 2515 1689 2541 r

233 2558 424 2605 mediam
454 2558 509 2611 cf.
535 2557 705 2605 Cicero,
727 2559 778 2599 de
797 2557 896 2598 Fin.
922 2559 979 2599 iii.
1007 2560 1069 2599 16.

236 2628 332 2670 222
