1742 2872
489 121 636 173 THE
672 127 992 175 EPISTLES
1029 127 1118 174 OF
1153 128 1418 176 SENECA

207 233 575 280 inmolaverunt
610 233 867 291 defunetO,
899 233 1151 296 amplioris
1182 234 1334 281 fuisse
1371 240 1514 283 sortis
1549 254 1697 300 quam

115 339 138 343 -.
208 300 454 346 humanae
513 304 623 358 rati,
671 305 786 363 quia
834 308 1226 349 consummasset
1282 303 1695 364 perfectissimum

205 384 487 425 numerum,
536 384 687 430 quem
739 385 919 414 novem
972 372 1142 415 novies
1199 370 1530 432 multiplicata
1582 388 1697 418 con—

204 441 415 497 ponunt.
478 434 593 480 Non
611 434 804 492 dubito,
824 438 945 497 quin
970 443 1170 497 paratus
1190 440 1254 483 sit
1273 444 1326 484 et
1342 438 1358 467 1
1384 454 1565 500 paucos
1590 438 1697 486 dies

203 517 265 548 ex
290 505 386 547 ista
409 517 601 548 summa
625 508 679 548 et
703 503 990 548 sacrificium
1017 507 1287 551 remittere.
1732 551 1737 571 y.

118 574 183 620 32
290 568 463 615 Potest
494 568 750 630 frugalitas
788 569 1061 631 producere
1097 577 1430 630 senectutem,
1455 588 1603 635 quam
1640 580 1697 620 ut

202 652 303 681 non
328 641 452 698 puto
471 636 937 697 concupiscendam,
954 640 1026 683 ita
1044 653 1108 684 ne
1132 639 1457 685 recusandam
1476 640 1692 702 quidem.
1740 659 1741 662 ¹

205 702 487 748 Iucundum
511 708 590 749 est
621 718 791 749 secum
816 719 924 750 esse
955 719 1104 766 quam
1129 704 1424 764 diutissime,
1449 723 1562 753 cum
1587 711 1695 770 quis
1738 735 1741 754 2⁴

201 785 255 816 se
301 769 529 832 dignum,
564 785 663 832 quo
704 769 969 828 frueretur,
1011 771 1188 818 effecit.
1266 772 1442 835 Itaque
1489 773 1553 821 de
1600 778 1695 821 isto
1737 781 1740 829 ξ

197 836 419 883 feremus
455 840 776 895 sententiam,
805 854 870 884 an
904 844 1135 900 oporteat
1162 838 1385 886 fastidire
1422 846 1695 889 senectutis
1736 845 1740 901 j

201 909 427 950 extrema
473 910 527 951 et
573 903 723 950 finem
771 921 872 950 non
919 909 1152 968 opperiri,
1187 906 1275 953 sed
1323 924 1471 954 manu
1514 907 1690 956 facere.
1731 902 1742 962 ’ἒ

203 969 363 1032 Prope
410 976 489 1017 est
533 988 563 1016 a
609 974 840 1029 timente,
888 975 972 1034 qui
1020 972 1180 1019 fatum
1227 978 1394 1037 segnis
1441 983 1694 1037 expectat,
1734 971 1742 1031 '¹

199 1040 329 1083 sicut
347 1037 433 1084 ille
451 1037 583 1084 ultra
600 1038 805 1085 modum
823 1038 1026 1086 deditus
1050 1043 1164 1086 vino
1190 1047 1282 1098 est,
1302 1045 1385 1104 qui
1405 1042 1692 1104 amphoram
1735 1061 1742 1104 ss

115 1110 176 1158 33
200 1108 392 1151 exiccat
427 1111 482 1152 et
517 1104 708 1152 faecem
745 1122 944 1169 quoque
980 1107 1201 1154 exorbet.
1277 1108 1355 1155 De
1393 1108 1485 1156 hoc
1521 1116 1692 1157 tamen
1731 1106 1737 1179 ᾗ

198 1187 511 1234 quaeremus,
552 1188 663 1234 pars
710 1188 902 1219 summa
943 1176 1075 1220 vitae
1116 1180 1281 1221 utrum
1304 1175 1323 1205 2
1363 1175 1475 1222 faex
1517 1180 1582 1223 sit
1627 1195 1691 1224 an
1733 1187 1737 1238 ξ

196 1238 581 1301 liquidissimum
605 1256 661 1285 ac
694 1243 1010 1301 purissimum
1033 1240 1288 1303 quiddam,
1313 1246 1353 1289 si
1377 1243 1526 1289 modo
1551 1261 1692 1292 mens
1731 1244 1737 1318 j

197 1309 304 1352 sine
338 1309 516 1352 iniuria
540 1312 618 1353 est
643 1312 696 1353 et
730 1310 915 1370 integri
940 1324 1114 1355 sensus
1146 1312 1365 1355 animum
1391 1314 1564 1358 iuvant
1597 1328 1690 1359 nec
1724 1322 1736 1382 j

196 1372 454 1420 defectum
503 1379 556 1420 et
603 1380 974 1435 praemortuum
1016 1391 1192 1437 corpus
1234 1383 1322 1423 est.
1416 1377 1689 1425 Plurimum

110 1445 173 1491 34
197 1443 332 1486 enim
365 1439 536 1498 refert,
560 1443 714 1486 vitam
742 1441 919 1504 aliquis
944 1442 1188 1489 extendat
1222 1460 1287 1490 an
1318 1451 1544 1492 mortem.
1618 1446 1690 1493 At
1731 1479 1733 1503 ξ

195 1510 234 1553 si
282 1507 462 1553 inutile
513 1510 802 1554 ministeriis
858 1525 1035 1571 corpus
1087 1516 1181 1567 est,
1229 1511 1405 1574 quidni
1458 1519 1689 1575 oporteat
1731 1510 1734 1568 i

194 1574 408 1620 educere
461 1578 682 1620 animum
729 1575 1075 1623 laborantem?
1167 1577 1233 1624 Et
1280 1578 1488 1626 fortasse
1541 1581 1688 1642 paulo
1730 1573 1733 1653 ξ

193 1647 312 1688 ante
337 1658 486 1704 quam
505 1641 678 1699 debet,
695 1641 979 1689 faciendum
1004 1649 1099 1701 est,
1118 1661 1182 1691 ne
1207 1661 1320 1691 cum
1340 1645 1444 1693 fieri
1464 1647 1687 1704 debebit,
1730 1658 1732 1709 g

194 1707 358 1754 facere
383 1725 484 1754 non
509 1712 676 1771 possis.
751 1709 819 1755 Et
847 1726 960 1756 cum
984 1714 1142 1757 maius
1170 1713 1445 1774 periculum
1470 1717 1535 1761 sit
1557 1715 1687 1762 male
1730 1726 1731 1744 ³

196 1775 394 1822 vivendi
441 1791 590 1839 quam
638 1780 738 1822 cito
784 1777 1046 1835 moriendi,
1094 1778 1277 1826 stultus
1325 1787 1418 1839 est,
1459 1785 1544 1843 qui
1585 1798 1685 1828 non
1718 1815 1730 1828 ,ι

194 1845 374 1904 exigua
399 1846 636 1904 temporis
661 1844 893 1891 mercede
918 1861 1129 1906 magnae
1154 1849 1226 1893 rei
1249 1847 1409 1893 aleam
1435 1848 1648 1896 redimit.

281 1910 466 1956 Paucos
491 1910 778 1972 longissima
802 1918 1034 1958 senectus
1058 1912 1121 1959 ad
1146 1920 1359 1961 mortem
1384 1918 1489 1961 sine
1509 1919 1686 1963 iniuria

193 1976 418 2038 pertulit,
441 1976 611 2024 multis
643 1981 774 2024 iners
806 1981 906 2025 vita
933 1982 1040 2026 sine
1066 1996 1157 2026 usu
1181 1984 1256 2027 sui
1279 1984 1462 2039 iacuit;
1497 1991 1686 2045 quanto

260 2091 273 2116 ¹
302 2090 398 2132 The
417 2091 603 2145 reading
616 2098 806 2145 paratu-9
819 2093 874 2134 sit
891 2099 930 2134 ec
949 2096 986 2135 is
1002 2097 1181 2136 nearest
1195 2098 1243 2137 to
1260 2095 1483 2150 Madvig's
1497 2105 1686 2151 paratus

189 2145 248 2185 sis
276 2151 342 2192 εις
369 2159 457 2198 par
480 2146 577 2186 laus
600 2146 655 2186 sit
678 2146 952 2195 Buecheler;
978 2154 1113 2202 parat
1133 2156 1252 2191 auset
1278 2163 1323 2203 p,
1339 2157 1478 2213 parat
1507 2155 1684 2194 ausisset
1724 2169 1726 2207 g

193 2199 231 2240 L
247 2215 259 2247 ς
275 2205 442 2252 parata
452 2205 591 2241 xusset
607 2199 665 2240 V¹
685 2217 697 2247 ς
721 2206 911 2255 paratus
924 2208 1023 2243 esset
1037 2201 1078 2244 Ο
1097 2219 1108 2250 ;
1124 2209 1262 2257 parat
1275 2211 1427 2246 avwset
1442 2206 1483 2247 b.
1525 2206 1684 2260 Haupt

189 2253 303 2306 conj.
325 2259 512 2306 paratus
533 2260 583 2294 et.
1723 2237 1725 2293 4

255 2306 273 2331 ⁴²
302 2307 432 2365 After
451 2313 599 2348 utrum
620 2307 775 2349 Haase
796 2309 1004 2350 removed
1025 2323 1088 2356 ea,
1112 2310 1190 2351 the
1210 2311 1395 2365 reading
1415 2312 1466 2353 of
1484 2313 1612 2356 MSS.

255 2420 275 2438 ‘²
307 2413 374 2467 Cf.
410 2413 550 2460 Plato,
584 2415 774 2461 Phaedo,
810 2418 931 2456 1141)
963 2420 1025 2456 καὶ
1061 2420 1168 2467 ἄξιον
1213 2421 1474 2464 κινδυνεῦσαι,
1521 2422 1682 2471 οἰομένῳ
1722 2389 1724 2402 *

189 2470 468 2574 pggssgajki};w‘
501 2472 618 2510 καλὸς
650 2472 731 2521 γὰρ
762 2472 782 2510 ὁ
816 2473 1005 2514 κίνδυνος.
1038 2471 1117 2512 the
1153 2472 1366 2514 “chance
1381 2475 1407 2492 ''
1435 2474 1570 2526 being
1604 2476 1678 2515 im·

191 2583 288 2633 406
