1742 2872
515 121 662 168 THE
698 121 1018 170 EPISTLES
1056 122 1145 170 OF
1181 122 1447 171 SENECA

235 234 366 276 tenti
382 230 620 277 fuerimus
638 235 870 279 inventis.
934 232 1198 279 Praeterea
1213 236 1300 296 qui
1317 233 1469 279 alium
1485 237 1726 296 sequitur,

153 307 209 360 Ϊ]
235 307 361 353 nihil
394 310 604 366 invenit,
629 311 781 355 immo
816 325 911 356 nec
945 313 1153 372 quaerit.
1226 309 1363 368 Quid
1389 312 1544 372 ergo?
1613 311 1727 356 Non

234 384 318 430 ibo
340 400 431 446 per
458 388 678 447 priorum
709 387 955 449 vestigia?
1026 387 1136 449 Ego
1161 403 1277 433 vero
1301 393 1414 433 utar
1437 390 1515 433 via
1538 393 1726 446 vetere,

235 461 325 508 sed
339 465 380 508 si
395 465 675 524 propiorem
690 462 1066 527 planioremque
1082 467 1336 522 invenem,
1345 463 1475 510 hanc
1490 468 1723 513 muniam.

234 538 335 596 Qui
371 545 490 584 ante
525 555 616 586 nos
651 543 746 586 ista
781 547 1062 598 moverunt,
1086 557 1189 587 non
1219 540 1409 586 domini
1440 544 1614 598 nostri,
1638 541 1727 588 sed

232 616 385 662 duces
433 623 562 663 sunt.
664 616 809 664 Patet
855 619 1085 664 omnibus
1132 621 1330 675 veritas,
1378 618 1602 664 nondum
1650 625 1727 665 est

231 699 486 754 occupata.
578 693 799 741 Multum
840 710 903 741 ex
943 695 1029 741 illa
1070 698 1223 742 etiam
1269 694 1449 741 futuris
1495 695 1727 742 relictum

232 776 323 818 est.
397 770 546 817 VALE.

846 903 1119 951 XXXIIII.

581 1030 775 1078 SENECA
811 1032 1012 1079 chluo
1048 1048 1133 1078 svo
1168 1047 1385 1079 SALVTEM

181 1177 203 1224 1
315 1162 493 1209 Cresco
529 1168 582 1208 et
618 1162 790 1208 exulto
825 1168 879 1209 et
914 1161 1134 1208 discussa
1165 1168 1429 1209 senectute
1463 1163 1728 1222 recalesco,

229 1243 462 1304 quotiens
482 1255 542 1286 ex
561 1242 637 1297 iis,
653 1256 781 1302 quae
799 1242 906 1302 agis
924 1256 981 1285 ac
1000 1239 1187 1297 scribis,
1205 1239 1467 1302 intellego,
1483 1246 1727 1303 quantum

228 1323 281 1365 te
301 1321 425 1380 ipse,
444 1333 561 1362 nam
584 1317 782 1363 turbam
803 1317 921 1362 olim
946 1317 1233 1380 reliqueras,
1254 1317 1615 1379 superieceris.1
1674 1317 1727 1365 Si

227 1394 495 1458 agricolam
513 1394 659 1440 arbor
674 1393 739 1441 ad
754 1381 972 1441 fructum
988 1393 1233 1456 perducta
1247 1393 1486 1452 delectat,
1502 1398 1540 1441 si
1559 1401 1728 1457 pastor

229 1489 292 1519 ex
316 1472 426 1519 fetu
450 1475 616 1534 gregis
641 1474 716 1517 sui
741 1475 875 1533 capit
899 1471 1228 1533 voluptatem,
1247 1474 1288 1518 si
1306 1471 1563 1518 alumnum
1582 1485 1742 1520 suum·

228 1566 376 1597 nemo
417 1549 564 1595 aliter
604 1552 831 1595 intuetur
872 1565 1022 1612 quam
1063 1554 1120 1595 ut
1160 1548 1555 1595 adulescentiam
1594 1549 1727 1597 illius

228 1644 367 1674 suam
408 1625 628 1682 iudicet3
680 1626 802 1688 quid
843 1629 1044 1672 evenire
1086 1625 1246 1672 credis
1281 1629 1356 1684 iis,
1396 1629 1483 1690 qui
1523 1630 1695 1690 ingeni

228 1703 570 1750 educaverunt
590 1709 643 1750 et
661 1719 790 1766 quae
809 1709 986 1749 tenera
1004 1702 1346 1750 formaverunt
1362 1703 1535 1750 adulta
1560 1705 1732 1752 subito

228 1781 437 1828 vident?
1726 1811 1742 1833 ν.

176 1878 203 1923 2
312 1858 507 1905 Adsero
549 1863 600 1904 te
648 1857 803 1913 mihi3
862 1874 1032 1904 meum
1074 1874 1198 1919 opus
1246 1874 1312 1904 es.
1386 1857 1496 1921 Ego
1538 1875 1690 1922 quom

227 1936 460 1982 vidissem
506 1934 728 1981 indolem
776 1940 931 1992 tuam,
974 1938 1122 1981 inieci
1171 1951 1390 1993 manum,
1433 1935 1700 1983 exhortatu

225 2029 352 2070 sum,
385 2011 558 2059 addidi
593 2012 820 2058 stimulos
854 2028 949 2058 nec
985 2011 1126 2059 lente
1161 2015 1234 2059 ire
1269 2029 1439 2075 passus
1476 2029 1602 2071 sum,
1635 2013 1724 2062 sed

215 2089 438 2136 subinde
473 2092 706 2145 incitavi;
749 2095 803 2136 et
837 2105 971 2135 nunc
1006 2089 1142 2136 idem
1178 2089 1322 2148 facio,
1359 2090 1448 2136 sed
1485 2094 1583 2137 iam
1620 2108 1725 2138 cur-

226 2174 421 2215 rentem
447 2167 619 2213 hortor
643 2174 697 2213 et
721 2170 937 2213 invicem
962 2166 1264 2214 hortantem.
1739 2174 1742 2209 ⁴

459 2262 473 2287 ¹
502 2262 776 2316 superieceris
796 2275 881 2302 von
900 2262 931 2303 J
932 2276 990 2303 an
1007 2279 1018 2311 ς
1047 2263 1328 2316 εαρονιθρθήε
1347 2261 1478 2304 MSS.
1731 2236 1742 2289 ¹

413 2316 430 2342 ²
457 2330 585 2370 quom
606 2316 868 2364 Rossbach;
897 2330 1037 2370 quam,
1065 2330 1160 2358 cwm
1179 2317 1270 2357 and
1290 2331 1381 2358 com
1402 2316 1531 2360 MSS.
1724 2326 1729 2331 '

291 2410 311 2428 α
339 2401 382 2443 Α
402 2401 629 2443 reference
647 2405 695 2443 to
714 2401 791 2442 the
810 2404 884 2443 act
903 2401 1108 2455 (iniectio)
1127 2401 1190 2455 by
1204 2402 1349 2444 which
1368 2416 1396 2443 a
1417 2402 1591 2461 Roman
1611 2406 1688 2444 too

225 2458 475 2510 possession
513 2456 566 2496 of
593 2469 621 2496 a
651 2455 784 2508 thing
815 2455 1059 2508 belonging
1089 2459 1139 2496 to
1175 2456 1284 2503 him,
1317 2470 1415 2510 effi,
1451 2470 1479 2498 a
1508 2469 1723 2512 runaway

227 2509 610 2558 slave,—without
628 2523 656 2550 a
675 2510 871 2551 decision
892 2509 944 2550 of
957 2509 1036 2550 the
1055 2513 1194 2552 court.

228 2581 326 2622 240
